
    <record>
        <leader>01059 am a2200289uu 4500</leader>
        <controlfield tag="001">009938050</controlfield>
        <controlfield tag="003">UK</controlfield>
        <controlfield tag="005">20160601115100.0</controlfield>
        <controlfield tag="008">020122r19721970enk    ||     000 1|eng  </controlfield>
        <datafield tag="020" ind1=" " ind2=" ">
            <subfield code="a">0586035745 (pbk)</subfield>
        </datafield>
        <datafield tag="082" ind1="0" ind2="4">
            <subfield code="a">823/.9/1</subfield>
            <subfield code="2">18</subfield>
        </datafield>
        <datafield tag="100" ind1="1" ind2=" ">
            <subfield code="a">Ballard, J. G.</subfield>
            <subfield code="d">1930-2009</subfield>
            <subfield code="1">http://viaf.org/viaf/9842556</subfield>
            <subfield code="4">http://rdaregistry.info/Elements/w/object/P10061</subfield>
        </datafield>
        <datafield tag="240" ind1="1" ind2="0">
            <subfield code="a">The atrocity exhibition</subfield>
            <subfield code="1">http://viaf.org/viaf/182227002</subfield>
        </datafield>
        <datafield tag="245" ind1="1" ind2="4">
            <subfield code="a">The atrocity exhibition /</subfield>
            <subfield code="c">J.G. Ballard.</subfield>
        </datafield>
        <datafield tag="260" ind1=" " ind2=" ">
            <subfield code="a">London :</subfield>
            <subfield code="b">Panther,</subfield>
            <subfield code="c">1972.</subfield>
        </datafield>
        <datafield tag="300" ind1=" " ind2=" ">
            <subfield code="a">139p. ;</subfield>
            <subfield code="c">18cm.</subfield>
        </datafield>
        <datafield tag="336" ind1=" " ind2=" ">
            <subfield code="a">text</subfield>
            <subfield code="2">rdacontent</subfield>
            <subfield code="0">http://rdaregistry.info/termList/RDAContentType/1020</subfield>
        </datafield>
        <datafield tag="337" ind1=" " ind2=" ">
            <subfield code="a">unmediated</subfield>
            <subfield code="2">rdamedia</subfield>
            <subfield code="0">http://rdaregistry.info/termList/RDAMediaType/1007</subfield>
        </datafield>
        <datafield tag="338" ind1=" " ind2=" ">
            <subfield code="a">volume</subfield>
            <subfield code="2">rdacarrier</subfield>
            <subfield code="0">http://rdaregistry.info/termList/RDACarrierType/1049</subfield>
        </datafield>
        <datafield tag="380" ind1=" " ind2=" ">
            <subfield code="a">Fiction</subfield>
        </datafield>
        <datafield tag="500" ind1=" " ind2=" ">
            <subfield code="a">Originally published, London: Cape, 1970.</subfield>
        </datafield>
    </record>