
    <record>
        <leader>01209nam a22002532i 4500</leader>
        <controlfield tag="001">011494288</controlfield>
        <controlfield tag="003">UkOxU</controlfield>
        <controlfield tag="005">19960605145638.0</controlfield>
        <controlfield tag="008">500101s1974    enka          000 0 eng d</controlfield>
        <datafield tag="020" ind1=" " ind2=" ">
            <subfield code="a">0330239147</subfield>
        </datafield>
        <datafield tag="090" ind1=" " ind2=" ">
            <subfield code="a">ND813.D3</subfield>
            <subfield code="b">L34 1974</subfield>
        </datafield>
        <datafield tag="092" ind1=" " ind2=" ">
            <subfield code="a">D0502910684</subfield>
        </datafield>
        <datafield tag="100" ind1="1" ind2=" ">
            <subfield code="a">Dalí, Salvador</subfield>
            <subfield code="d">1904-1989.</subfield>
            <subfield code="1">http://viaf.org/viaf/64004109</subfield>
            <subfield code="4">http://rdaregistry.info/Elements/w/object/P10058</subfield>
        </datafield>
        <datafield tag="240" ind1=" " ind2=" ">
            <subfield code="a">Dalí</subfield>
            <subfield code="1">http://viaf.org/viaf/316306426</subfield>
        </datafield>
        <datafield tag="245" ind1="1" ind2="0">
            <subfield code="a">Dalí /</subfield>
            <subfield code="c">with an introd. by J. G. Ballard ; edited by David Larkin</subfield>
        </datafield>
        <datafield tag="260" ind1=" " ind2=" ">
            <subfield code="a">Pan Books :</subfield>
            <subfield code="b">London,</subfield>
            <subfield code="c">1974</subfield>
        </datafield>
        <datafield tag="300" ind1=" " ind2=" ">
            <subfield code="a">[14] pages, [40] leaves of plates :</subfield>
            <subfield code="b">chiefly color illustrations ;</subfield>
            <subfield code="c">30 cm</subfield>
        </datafield>
        <datafield tag="336" ind1=" " ind2=" ">
            <subfield code="a">text</subfield>
            <subfield code="b">txt</subfield>
            <subfield code="2">rdacontent</subfield>
            <subfield code="0">http://rdaregistry.info/termList/RDAContentType/1020</subfield>
        </datafield>
        <datafield tag="337" ind1=" " ind2=" ">
            <subfield code="a">unmediated</subfield>
            <subfield code="b">n</subfield>
            <subfield code="2">rdamedia</subfield>
            <subfield code="0">http://rdaregistry.info/termList/RDAMediaType/1007</subfield>
        </datafield>
        <datafield tag="338" ind1=" " ind2=" ">
            <subfield code="a">volume</subfield>
            <subfield code="b">nc</subfield>
            <subfield code="2">rdacarrier</subfield>
            <subfield code="0">http://rdaregistry.info/termList/RDACarrierType/1049</subfield>
        </datafield>
        <datafield tag="600" ind1="1" ind2="0">
            <subfield code="a">Dalí, Salvador</subfield>
            <subfield code="d">1904-1989.</subfield>
            <subfield code="1">http://viaf.org/viaf/64004109</subfield>
        </datafield>
        <datafield tag="700" ind1="1" ind2=" ">
            <subfield code="a">Larkin, David</subfield>
            <subfield code="4">edt</subfield>
            <subfield code="1">http://viaf.org/viaf/277669549</subfield>
            <subfield code="4">http://rdaregistry.info/Elements/m/object/P30267</subfield>
        </datafield>
        <datafield tag="700" ind1="1" ind2=" ">
            <subfield code="a">Ballard, J. G.</subfield>
            <subfield code="d">1930-2009</subfield>
            <subfield code="4">aui</subfield>
            <subfield code="1">http://viaf.org/viaf/9842556</subfield>
        </datafield>
    </record>