

    <record>
        <leader>02027cam a2200493   4500</leader>
        <controlfield tag="001">7281781</controlfield>
        <controlfield tag="003">SE-LIBR</controlfield>
        <controlfield tag="005">20190612172632.0</controlfield>
        <controlfield tag="008">011211s1992    sw |||||||||||000 f|swe| </controlfield>
        <datafield tag="020" ind1=" " ind2=" ">
            <subfield code="a">9146161953</subfield>
            <subfield code="q">INB.</subfield>
            <subfield code="c">270:00</subfield>
        </datafield>
        <datafield tag="041" ind1="1" ind2=" ">
            <subfield code="a">swe</subfield>
            <subfield code="h">eng</subfield>
        </datafield>
        <datafield tag="082" ind1="0" ind2="4">
            <subfield code="a">823</subfield>
            <subfield code="2">22 (machine generated)</subfield>
        </datafield>
        <datafield tag="083" ind1="0" ind2=" ">
            <subfield code="a">839.78</subfield>
            <subfield code="2">22 (machine generated)</subfield>
        </datafield>
        <datafield tag="100" ind1="1" ind2=" ">
            <subfield code="a">Ballard, J. G.</subfield>
            <subfield code="d">1930-2009</subfield>
            <subfield code="0">https://libris.kb.se/dbqssg6x38zr5cn#it</subfield>
            <subfield code="1">http://viaf.org/viaf/9842556</subfield>
            <subfield code="4">http://rdaregistry.info/Elements/w/object/P10061</subfield>
        </datafield>
        <datafield tag="240" ind1="1" ind2="0">
            <subfield code="a">The kindness of women</subfield>
            <subfield code="1">http://viaf.org/viaf/8009153289944232770002</subfield>
        </datafield>
        <datafield tag="245" ind1="0" ind2="0">
            <subfield code="a">Kvinnors godhet /</subfield>
            <subfield code="c">J.G. Ballard ; översättning: Hans-Jacob Nilsson.</subfield>
        </datafield>
        <datafield tag="249" ind1=" " ind2="4">
            <subfield code="a">The kindness of women.</subfield>
        </datafield>
        <datafield tag="264" ind1=" " ind2="1">
            <subfield code="a">Stockholm :</subfield>
            <subfield code="b">Wahlström and Widstrand,</subfield>
            <subfield code="c">1992</subfield>
        </datafield>
        <datafield tag="264" ind1=" " ind2="3">
            <subfield code="a">Borås :</subfield>
            <subfield code="b">Centraltr.</subfield>
        </datafield>
        <datafield tag="300" ind1=" " ind2=" ">
            <subfield code="a">322 s.</subfield>
            <subfield code="c">24 cm</subfield>
        </datafield>
        <datafield tag="336" ind1=" " ind2=" ">
            <subfield code="a">text</subfield>
            <subfield code="b">txt</subfield>
            <subfield code="2">rdacontent</subfield>
            <subfield code="0">http://rdaregistry.info/termList/RDAContentType/1020</subfield>
        </datafield>
        <datafield tag="337" ind1=" " ind2=" ">
            <subfield code="a">unmediated</subfield>
            <subfield code="b">n</subfield>
            <subfield code="2">rdamedia</subfield>
            <subfield code="0">http://rdaregistry.info/termList/RDAMediaType/1007</subfield>
        </datafield>
        <datafield tag="338" ind1=" " ind2=" ">
            <subfield code="a">volume</subfield>
            <subfield code="b">nc</subfield>
            <subfield code="2">rdacarrier</subfield>
            <subfield code="0">http://rdaregistry.info/termList/RDACarrierType/1049</subfield>
        </datafield>
        <datafield tag="340" ind1=" " ind2=" ">
            <subfield code="b">24 cm</subfield>
        </datafield>
        <datafield tag="380" ind1=" " ind2=" ">
            <subfield code="a">Novel</subfield>
        </datafield>
        <datafield tag="500" ind1=" " ind2=" ">
            <subfield code="5">Bo</subfield>
            <subfield code="a">Annan upplaga kan finnas vid biblioteket</subfield>
        </datafield>
        <datafield tag="500" ind1=" " ind2=" ">
            <subfield code="5">Mo</subfield>
            <subfield code="a">Angående författarens härmed sammanhängande verk se: Solens rike</subfield>
        </datafield>
        <datafield tag="500" ind1=" " ind2=" ">
            <subfield code="5">Mo</subfield>
            <subfield code="a">Första svenska upplaga</subfield>
        </datafield>
        <datafield tag="500" ind1=" " ind2=" ">
            <subfield code="5">Mo</subfield>
            <subfield code="a">Orig:s titel The kindness of women</subfield>
        </datafield>
        <datafield tag="500" ind1=" " ind2=" ">
            <subfield code="5">Mo</subfield>
            <subfield code="a">svenska</subfield>
        </datafield>
        <datafield tag="500" ind1=" " ind2=" ">
            <subfield code="5">Um</subfield>
            <subfield code="a">Skönlitteratur. Annan uppl. kan finnas vid biblioteket</subfield>
        </datafield>
        <datafield tag="500" ind1=" " ind2=" ">
            <subfield code="a">Första svenska uppl. 1992</subfield>
        </datafield>
        <datafield tag="700" ind1="1" ind2=" ">
            <subfield code="a">Nilsson, Hans-Jacob</subfield>
            <subfield code="d">1949-</subfield>
            <subfield code="4">trl</subfield>
            <subfield code="0">https://libris.kb.se/53hlqmjp5grtqrd#it</subfield>
            <subfield code="1">http://viaf.org/viaf/237688467</subfield>
            <subfield code="4">http://rdaregistry.info/Elements/e/object/P20037</subfield>
        </datafield>
    </record>