
    <record>
        <leader>01912cam a22004577a 4500</leader>
        <controlfield tag="001">11661580</controlfield>
        <controlfield tag="003">SE-LIBR</controlfield>
        <controlfield tag="005">20091104150615.0</controlfield>
        <controlfield tag="008">091104r20052003enk           000 f eng c</controlfield>
        <datafield tag="016" ind1="7" ind2=" ">
            <subfield code="a">013092179</subfield>
            <subfield code="2">Uk</subfield>
        </datafield>
        <datafield tag="020" ind1=" " ind2=" ">
            <subfield code="a">0-00-720444-2 (pbk.)</subfield>
        </datafield>
        <datafield tag="020" ind1=" " ind2=" ">
            <subfield code="a">978-0-00-720444-1 (pbk.)</subfield>
        </datafield>
        <datafield tag="041" ind1=" " ind2=" ">
            <subfield code="a">eng</subfield>
        </datafield>
        <datafield tag="082" ind1="0" ind2="4">
            <subfield code="a">813.54</subfield>
            <subfield code="2">22</subfield>
        </datafield>
        <datafield tag="100" ind1="1" ind2=" ">
            <subfield code="a">Burroughs, William S.</subfield>
            <subfield code="d">1914-1997</subfield>
            <subfield code="0">179750</subfield>
            <subfield code="1">http://viaf.org/viaf/108916275</subfield>
            <subfield code="4">http://rdaregistry.info/Elements/w/object/P10061</subfield>
        </datafield>
        <datafield tag="240" ind1="1" ind2=" ">
            <subfield code="a">Naked lunch</subfield>
            <subfield code="1">http://viaf.org/viaf/178436556</subfield>
        </datafield>
        <datafield tag="245" ind1="1" ind2="0">
            <subfield code="a">Naked lunch :</subfield>
            <subfield code="b">the restored text /</subfield>
            <subfield code="c">William Burroughs ; edited by James Grauerholz and Barry Miles ; with an introduction by J.G. Ballard</subfield>
        </datafield>
        <datafield tag="260" ind1=" " ind2=" ">
            <subfield code="a">London :</subfield>
            <subfield code="b">Harper Perennial,</subfield>
            <subfield code="c">2005</subfield>
        </datafield>
        <datafield tag="300" ind1=" " ind2=" ">
            <subfield code="a">289 pages ;</subfield>
            <subfield code="c">20 cm.</subfield>
        </datafield>
        <datafield tag="336" ind1=" " ind2=" ">
            <subfield code="a">text</subfield>
            <subfield code="b">txt</subfield>
            <subfield code="2">rdacontent</subfield>
            <subfield code="0">http://rdaregistry.info/termList/RDAContentType/1020</subfield>
        </datafield>
        <datafield tag="337" ind1=" " ind2=" ">
            <subfield code="a">unmediated</subfield>
            <subfield code="b">n</subfield>
            <subfield code="2">rdamedia</subfield>
            <subfield code="0">http://rdaregistry.info/termList/RDAMediaType/1007</subfield>
        </datafield>
        <datafield tag="338" ind1=" " ind2=" ">
            <subfield code="a">volume</subfield>
            <subfield code="b">nc</subfield>
            <subfield code="2">rdacarrier</subfield>
            <subfield code="0">http://rdaregistry.info/termList/RDACarrierType/1049</subfield>
        </datafield>
        <datafield tag="380" ind1=" " ind2=" ">
            <subfield code="a">Novel</subfield>
        </datafield>
        <datafield tag="546" ind1=" " ind2=" ">
            <subfield code="5">Mo</subfield>
            <subfield code="a">engelska</subfield>
        </datafield>
        <datafield tag="700" ind1="1" ind2=" ">
            <subfield code="a">Grauerholz, James</subfield>
            <subfield code="1">http://viaf.org/viaf/195632924</subfield>
            <subfield code="4">http://rdaregistry.info/Elements/e/object/P20327</subfield>
        </datafield>
        <datafield tag="700" ind1="1" ind2=" ">
            <subfield code="a">Miles, Barry</subfield>
            <subfield code="d">1943-</subfield>
            <subfield code="0">220911</subfield>
            <subfield code="1">http://viaf.org/viaf/109756036</subfield>
            <subfield code="4">http://rdaregistry.info/Elements/e/object/P20327</subfield>
        </datafield>
        <datafield tag="700" ind1="1" ind2=" ">
            <subfield code="a">Ballard, J. G.</subfield>
            <subfield code="d">1930-2009</subfield>
            <subfield code="1">http://viaf.org/viaf/9842556</subfield>
            <subfield code="4">aui</subfield>
            <subfield code="4">http://rdaregistry.info/Elements/m/object/P30328</subfield>
        </datafield>
    </record>