
    <record>
        <leader>01345cam a22002653a 4500</leader>
        <controlfield tag="001">10247567</controlfield>
        <controlfield tag="003">SE-LIBR</controlfield>
        <controlfield tag="005">20090422155658.0</controlfield>
        <controlfield tag="008">061027s        xxk||||      |00| ||eng c</controlfield>
        <datafield tag="020" ind1=" " ind2=" ">
            <subfield code="a">0-00-720444-2</subfield>
        </datafield>
        <datafield tag="082" ind1="0" ind2="4">
            <subfield code="a">820</subfield>
            <subfield code="2">22 (machine generated)</subfield>
        </datafield>
        <datafield tag="100" ind1="1" ind2=" ">
            <subfield code="a">Burroughs, William S.</subfield>
            <subfield code="d">1914-1997</subfield>
            <subfield code="0">179750</subfield>
            <subfield code="1">http://viaf.org/viaf/108916275</subfield>
            <subfield code="4">http://rdaregistry.info/Elements/w/object/P10061</subfield>
        </datafield>
        <datafield tag="240" ind1="1" ind2=" ">
            <subfield code="a">Naked lunch</subfield>
            <subfield code="1">http://viaf.org/viaf/178436556</subfield>
        </datafield>
        <datafield tag="245" ind1="1" ind2="0">
            <subfield code="a">Naked Lunch:</subfield>
            <subfield code="b">The restored text/</subfield>
            <subfield code="c">edited by James Grauerholz and Barry Miles. With an introduction by J.G. Ballard</subfield>
        </datafield>
        <datafield tag="250" ind1=" " ind2=" ">
            <subfield code="a">2. ed.</subfield>
        </datafield>
        <datafield tag="260" ind1=" " ind2=" ">
            <subfield code="a">London:</subfield>
            <subfield code="b">Harper Perennial,</subfield>
            <subfield code="c">2005</subfield>
        </datafield>
        <datafield tag="300" ind1=" " ind2=" ">
            <subfield code="a">289 s. :</subfield>
            <subfield code="b">illustrations.</subfield>
        </datafield>
        <datafield tag="336" ind1=" " ind2=" ">
            <subfield code="a">text</subfield>
            <subfield code="b">txt</subfield>
            <subfield code="2">rdacontent</subfield>
            <subfield code="0">http://rdaregistry.info/termList/RDAContentType/1020</subfield>
        </datafield>
        <datafield tag="337" ind1=" " ind2=" ">
            <subfield code="a">unmediated</subfield>
            <subfield code="b">n</subfield>
            <subfield code="2">rdamedia</subfield>
            <subfield code="0">http://rdaregistry.info/termList/RDAMediaType/1007</subfield>
        </datafield>
        <datafield tag="338" ind1=" " ind2=" ">
            <subfield code="a">volume</subfield>
            <subfield code="b">nc</subfield>
            <subfield code="2">rdacarrier</subfield>
            <subfield code="0">http://rdaregistry.info/termList/RDACarrierType/1049</subfield>
        </datafield>
        <datafield tag="700" ind1="1" ind2=" ">
            <subfield code="a">Grauerholz, James</subfield>
            <subfield code="1">http://viaf.org/viaf/195632924</subfield>
            <subfield code="4">http://rdaregistry.info/Elements/e/object/P20327</subfield>
        </datafield>
        <datafield tag="700" ind1="1" ind2=" ">
            <subfield code="a">Miles, Barry</subfield>
            <subfield code="1">http://viaf.org/viaf/109756036</subfield>
            <subfield code="4">http://rdaregistry.info/Elements/e/object/P20327</subfield>
        </datafield>
        <datafield tag="700" ind1="1" ind2=" ">
            <subfield code="a">Ballard, J. G.</subfield>
            <subfield code="d">1930-2009</subfield>
            <subfield code="1">http://viaf.org/viaf/9842556</subfield>
            <subfield code="4">aui</subfield>
            <subfield code="4">http://rdaregistry.info/Elements/m/object/P30328</subfield>
        </datafield>
    </record>