
    <record>
        <leader>03964cam a22005897i 4500</leader>
        <controlfield tag="001">crljq0xm9x9q0r5z</controlfield>
        <controlfield tag="003">SE-LIBR</controlfield>
        <controlfield tag="005">20210701090503.0</controlfield>
        <controlfield tag="008">210701s2014    gw |||||||||||000 0|eng|d</controlfield>
        <datafield tag="020" ind1=" " ind2=" ">
            <subfield code="a">3837622029</subfield>
            <subfield code="q">print</subfield>
        </datafield>
        <datafield tag="020" ind1=" " ind2=" ">
            <subfield code="a">9783837622027</subfield>
            <subfield code="q">print</subfield>
        </datafield>
        <datafield tag="020" ind1=" " ind2=" ">
            <subfield code="z">9783839422021 (pdf)</subfield>
        </datafield>
        <datafield tag="041" ind1=" " ind2=" ">
            <subfield code="a">eng</subfield>
        </datafield>
        <datafield tag="082" ind1="0" ind2="4">
            <subfield code="a">823.009/36</subfield>
            <subfield code="2">23</subfield>
        </datafield>
        <datafield tag="100" ind1="1" ind2=" ">
            <subfield code="a">Mieszkowski, Sylvia</subfield>
            <subfield code="4">aut</subfield>
            <subfield code="1">http://viaf.org/viaf/89826060</subfield>
            <subfield code="4">http://rdaregistry.info/Elements/w/object/P10061</subfield>
        </datafield>
        <datafield tag="240" ind1=" " ind2=" ">
            <subfield code="a">Resonant Alterities : Sound, Desire and Anxiety in Non-Realist Fiction</subfield>
            <subfield code="1">http://viaf.org/viaf/89826060/resonantalterities</subfield>
        </datafield>
        <datafield tag="245" ind1="1" ind2="0">
            <subfield code="a">Resonant alterities :</subfield>
            <subfield code="b">sound, desire and anxiety in non-realist fiction /</subfield>
            <subfield code="c">Sylvia Mieszkowski.</subfield>
        </datafield>
        <datafield tag="264" ind1=" " ind2="1">
            <subfield code="a">Bielefeld :</subfield>
            <subfield code="b">Transcript,</subfield>
            <subfield code="c">[2014]</subfield>
        </datafield>
        <datafield tag="264" ind1=" " ind2="4">
            <subfield code="c">©2014</subfield>
        </datafield>
        <datafield tag="300" ind1=" " ind2=" ">
            <subfield code="a">402 pages</subfield>
            <subfield code="c">23 cm</subfield>
        </datafield>
        <datafield tag="336" ind1=" " ind2=" ">
            <subfield code="a">text</subfield>
            <subfield code="b">txt</subfield>
            <subfield code="2">rdacontent</subfield>
            <subfield code="0">http://rdaregistry.info/termList/RDAContentType/1020</subfield>
        </datafield>
        <datafield tag="337" ind1=" " ind2=" ">
            <subfield code="a">unmediated</subfield>
            <subfield code="b">n</subfield>
            <subfield code="2">rdamedia</subfield>
            <subfield code="0">http://rdaregistry.info/termList/RDAMediaType/1007</subfield>
        </datafield>
        <datafield tag="338" ind1=" " ind2=" ">
            <subfield code="a">volume</subfield>
            <subfield code="b">nc</subfield>
            <subfield code="2">rdacarrier</subfield>
            <subfield code="0">http://rdaregistry.info/termList/RDACarrierType/1049</subfield>
        </datafield>
        <datafield tag="490" ind1="1" ind2=" ">
            <subfield code="a">Cultural and media studies</subfield>
        </datafield>
        <datafield tag="504" ind1=" " ind2=" ">
            <subfield code="a">Includes bibliographical references.</subfield>
        </datafield>
        <datafield tag="505" ind1="8" ind2=" ">
            <subfield code="a">Acknowledgements -- Introduction -- Haunted by Sound: Vernon Lee, "A Wicked Voice" -- Sound is Power: Algernon Blackwood, The Human Chord -- Noise, Silence and Oedipus: J.G. -- Ballard, "The Sound Sweep" -- Air To Sounds, Sounds To Words: Don DeLillo, The Body Artist -- Conclusion -- Bibliography</subfield>
        </datafield>
        <datafield tag="520" ind1=" " ind2=" ">
            <subfield code="a">»Resonant Alterities« bridges the gap between sound studies and literary criticism. A queer ghost story by Vernon Lee, an occultist novel of psychic adventure by Algernon Blackwood, a dystopian science fiction tale by J.G. Ballard and a post-traumatic short novel by Don DeLillo are its primary objects of analysis. Each is explored within the context of its contemporary cultural debates on sound. Meanwhile, all four theory-enriched readings focus on intersecting and desire-laden processes of meaning making, knowledge production and subject formation. Focal points are aurally/audio-visually structured phenomena expressive of both collective and individual anxieties.</subfield>
        </datafield>
        <datafield tag="600" ind1="1" ind2="0">
            <subfield code="a">Ballard, J. G.</subfield>
            <subfield code="d">1930-2009</subfield>
            <subfield code="x">Criticism and interpretation</subfield>
            <subfield code="1">http://viaf.org/viaf/9842556</subfield>
        </datafield>
        <datafield tag="600" ind1="1" ind2="0">
            <subfield code="a">Blackwood, Algernon</subfield>
            <subfield code="d">1869-1951</subfield>
            <subfield code="x">Criticism and interpretation.</subfield>
        </datafield>
        <datafield tag="600" ind1="1" ind2="0">
            <subfield code="a">DeLillo, Don</subfield>
            <subfield code="x">Criticism and interpretation</subfield>
            <subfield code="1">http://www.wikidata.org/entity/Q7718980</subfield>
        </datafield>
        <datafield tag="600" ind1="1" ind2="0">
            <subfield code="a">Lee, Vernon</subfield>
            <subfield code="d">1856-1935</subfield>
            <subfield code="x">Criticism and interpretation.</subfield>
        </datafield>
        <datafield tag="600" ind1="1" ind2="4">
            <subfield code="a">Ballard, J. G.</subfield>
            <subfield code="d">1930-2009</subfield>
            <subfield code="0">https://libris.kb.se/dbqssg6x38zr5cn#it</subfield>
            <subfield code="1">http://viaf.org/viaf/9842556</subfield>
        </datafield>
        <datafield tag="600" ind1="1" ind2="4">
            <subfield code="a">DeLillo, Don</subfield>
            <subfield code="d">1936-</subfield>
            <subfield code="0">https://libris.kb.se/53hkldbp3t4pbj2#it</subfield>
            <subfield code="1">http://www.wikidata.org/entity/Q7718980</subfield>
        </datafield>
        <datafield tag="600" ind1="1" ind2="4">
            <subfield code="a">Lee, Vernon</subfield>
            <subfield code="d">1856-1935</subfield>
            <subfield code="0">https://libris.kb.se/b8nqs8rv5700gkz#it</subfield>
        </datafield>
        <datafield tag="600" ind1="1" ind2="7">
            <subfield code="a">Blackwood, Algernon</subfield>
            <subfield code="d">1869-1951</subfield>
            <subfield code="2">fast</subfield>
        </datafield>
        <datafield tag="648" ind1=" " ind2="7">
            <subfield code="a">1900-talet</subfield>
            <subfield code="0">https://id.kb.se/term/sao/1900-talet</subfield>
            <subfield code="2">sao</subfield>
        </datafield>
        <datafield tag="830" ind1=" " ind2="0">
            <subfield code="a">Cultural and media studies</subfield>
        </datafield>
    </record>