
    <record>
        <leader>01217cam a2200253 c 4500</leader>
        <controlfield tag="001">990413872604702201</controlfield>
        <controlfield tag="003">BIBSYS</controlfield>
        <controlfield tag="005">20170126151801.0</controlfield>
        <controlfield tag="007">ta</controlfield>
        <controlfield tag="008">040611s2003    xx#|||||||||||000|0|swe| </controlfield>
        <datafield tag="020" ind1=" " ind2=" ">
            <subfield code="a">9170184917</subfield>
            <subfield code="q">h.</subfield>
        </datafield>
        <datafield tag="082" ind1="7" ind2="4">
            <subfield code="a">809.3</subfield>
            <subfield code="q">NO-OsNB</subfield>
            <subfield code="2">5/nor</subfield>
        </datafield>
        <datafield tag="100" ind1="1" ind2=" ">
            <subfield code="a">Holmberg, John-Henri</subfield>
            <subfield code="d">1949-</subfield>
            <subfield code="0">(NO-TrBIB)90505717</subfield>
            <subfield code="1">http://viaf.org/viaf/30832323</subfield>
            <subfield code="4">http://rdaregistry.info/Elements/w/object/P10061</subfield>
        </datafield>
        <datafield tag="240" ind1=" " ind2=" ">
            <subfield code="a">Inre landskap och yttre rymd</subfield>
            <subfield code="1">http://www.wikidata.org/entity/Q59191181/2</subfield>
        </datafield>
        <datafield tag="245" ind1="1" ind2="0">
            <subfield code="a">Inre landskap och yttre rymd</subfield>
            <subfield code="b">science fictions historia</subfield>
            <subfield code="n">D. 2</subfield>
            <subfield code="p">Från J.G. Ballard till Gene Wolfe</subfield>
        </datafield>
        <datafield tag="260" ind1=" " ind2=" ">
            <subfield code="a">Lund</subfield>
            <subfield code="b">Bibliotekstjänst</subfield>
            <subfield code="c">2003</subfield>
        </datafield>
        <datafield tag="300" ind1=" " ind2=" ">
            <subfield code="a">621 s.</subfield>
        </datafield>
        <datafield tag="336" ind1=" " ind2=" ">
            <subfield code="a">tekst</subfield>
            <subfield code="0">http://rdaregistry.info/termList/RDAContentType/1020</subfield>
        </datafield>
        <datafield tag="337" ind1=" " ind2=" ">
            <subfield code="a">uformidlet</subfield>
            <subfield code="0">http://rdaregistry.info/termList/RDAMediaType/1007</subfield>
        </datafield>
        <datafield tag="338" ind1=" " ind2=" ">
            <subfield code="a">bind</subfield>
            <subfield code="0">http://rdaregistry.info/termList/RDACarrierType/1049</subfield>
        </datafield>
        <datafield tag="380" ind1=" " ind2=" ">
            <subfield code="a">Språkbasert verk</subfield>
            <subfield code="1">https://schema.nb.no/Bibliographic/Values/V1000</subfield>
        </datafield>
        <datafield tag="773" ind1="0" ind2="8">
            <subfield code="i">Inkludert i</subfield>
            <subfield code="a">Holmberg, John-Henri, 1949-</subfield>
            <subfield code="t">Inre landskap och yttre rymd</subfield>
            <subfield code="d">Lund : Bibliotekstjänst, 2002-2003</subfield>
            <subfield code="g">D. 2</subfield>
            <subfield code="w">990400951424702201</subfield>
        </datafield>
    </record>