
    <record>
        <leader>01886cam a2200481   4500</leader>
        <controlfield tag="001">7281918</controlfield>
        <controlfield tag="003">SE-LIBR</controlfield>
        <controlfield tag="005">20190612172656.0</controlfield>
        <controlfield tag="008">011211s1993    sw |||||||||||001 j|swe| </controlfield>
        <datafield tag="020" ind1=" " ind2=" ">
            <subfield code="a">9146163794</subfield>
            <subfield code="q">INB.</subfield>
            <subfield code="c">235:00</subfield>
        </datafield>
        <datafield tag="041" ind1="1" ind2=" ">
            <subfield code="a">swe</subfield>
            <subfield code="h">eng</subfield>
        </datafield>
        <datafield tag="082" ind1="0" ind2="4">
            <subfield code="a">823</subfield>
            <subfield code="2">22 (machine generated)</subfield>
        </datafield>
        <datafield tag="083" ind1="0" ind2=" ">
            <subfield code="a">839.78</subfield>
            <subfield code="2">22 (machine generated)</subfield>
        </datafield>
        <datafield tag="100" ind1="1" ind2=" ">
            <subfield code="a">Ballard, J. G.</subfield>
            <subfield code="d">1930-2009</subfield>
            <subfield code="0">https://libris.kb.se/dbqssg6x38zr5cn#it</subfield>
            <subfield code="1">http://viaf.org/viaf/9842556</subfield>
            <subfield code="4">http://rdaregistry.info/Elements/w/object/P10061</subfield>
        </datafield>
        <datafield tag="240" ind1="1" ind2="0">
            <subfield code="a">War fever</subfield>
            <subfield code="1">http://www.wikidata.org/entity/Q7968436</subfield>
        </datafield>
        <datafield tag="245" ind1="0" ind2="0">
            <subfield code="a">Krigsfeber /</subfield>
            <subfield code="c">J.G. Ballard ; till svenska av Hans-Jacob Nilsson.</subfield>
        </datafield>
        <datafield tag="249" ind1=" " ind2="0">
            <subfield code="a">War fever.</subfield>
        </datafield>
        <datafield tag="264" ind1=" " ind2="1">
            <subfield code="a">Stockholm :</subfield>
            <subfield code="b">Wahlström and Widstrand,</subfield>
            <subfield code="c">1993</subfield>
        </datafield>
        <datafield tag="264" ind1=" " ind2="3">
            <subfield code="a">Borås :</subfield>
            <subfield code="b">Centraltr.</subfield>
        </datafield>
        <datafield tag="300" ind1=" " ind2=" ">
            <subfield code="a">221, [1] s.</subfield>
            <subfield code="c">24 cm</subfield>
        </datafield>
        <datafield tag="336" ind1=" " ind2=" ">
            <subfield code="a">text</subfield>
            <subfield code="b">txt</subfield>
            <subfield code="2">rdacontent</subfield>
            <subfield code="0">http://rdaregistry.info/termList/RDAContentType/1020</subfield>
        </datafield>
        <datafield tag="337" ind1=" " ind2=" ">
            <subfield code="a">unmediated</subfield>
            <subfield code="b">n</subfield>
            <subfield code="2">rdamedia</subfield>
            <subfield code="0">http://rdaregistry.info/termList/RDAMediaType/1007</subfield>
        </datafield>
        <datafield tag="338" ind1=" " ind2=" ">
            <subfield code="a">volume</subfield>
            <subfield code="b">nc</subfield>
            <subfield code="2">rdacarrier</subfield>
            <subfield code="0">http://rdaregistry.info/termList/RDACarrierType/1049</subfield>
        </datafield>
        <datafield tag="340" ind1=" " ind2=" ">
            <subfield code="b">24 cm</subfield>
        </datafield>
        <datafield tag="380" ind1=" " ind2=" ">
            <subfield code="a">Short story</subfield>
        </datafield>
        <datafield tag="500" ind1=" " ind2=" ">
            <subfield code="5">Mo</subfield>
            <subfield code="a">Första svenska upplaga</subfield>
        </datafield>
        <datafield tag="500" ind1=" " ind2=" ">
            <subfield code="5">Mo</subfield>
            <subfield code="a">Orig:s titel War fever</subfield>
        </datafield>
        <datafield tag="500" ind1=" " ind2=" ">
            <subfield code="5">Mo</subfield>
            <subfield code="a">svenska</subfield>
        </datafield>
        <datafield tag="500" ind1=" " ind2=" ">
            <subfield code="5">Um</subfield>
            <subfield code="a">Skönlitteratur. Annan uppl. kan finnas vid biblioteket</subfield>
        </datafield>
        <datafield tag="500" ind1=" " ind2=" ">
            <subfield code="a">Första svenska uppl. 1993</subfield>
        </datafield>
        <datafield tag="700" ind1="1" ind2=" ">
            <subfield code="a">Nilsson, Hans-Jacob</subfield>
            <subfield code="d">1949-</subfield>
            <subfield code="4">trl</subfield>
            <subfield code="0">https://libris.kb.se/53hlqmjp5grtqrd#it</subfield>
            <subfield code="1">http://viaf.org/viaf/237688467</subfield>
            <subfield code="4">http://rdaregistry.info/Elements/e/object/P20037</subfield>
        </datafield>
    </record>