
    <record>
        <leader>01605cam a2200325 c 4500</leader>
        <controlfield tag="001">991115291664702201</controlfield>
        <controlfield tag="003">BIBSYS</controlfield>
        <controlfield tag="005">20210601181116.0</controlfield>
        <controlfield tag="007">ta</controlfield>
        <controlfield tag="008">150206s2008    xx#|||||||||||000|f|eng|d</controlfield>
        <datafield tag="020" ind1=" " ind2=" ">
            <subfield code="a">9780007287048</subfield>
            <subfield code="q">h.</subfield>
        </datafield>
        <datafield tag="080" ind1=" " ind2=" ">
            <subfield code="a">82:72-05</subfield>
        </datafield>
        <datafield tag="080" ind1=" " ind2=" ">
            <subfield code="a">82-3</subfield>
        </datafield>
        <datafield tag="100" ind1="1" ind2=" ">
            <subfield code="a">Ballard, J. G.</subfield>
            <subfield code="d">1930-2009</subfield>
            <subfield code="0">(NO-TrBIB)90199005</subfield>
            <subfield code="1">http://viaf.org/viaf/9842556</subfield>
            <subfield code="4">http://rdaregistry.info/Elements/w/object/P10061</subfield>
        </datafield>
        <datafield tag="240" ind1="1" ind2="0">
            <subfield code="a">Concrete Island</subfield>
            <subfield code="1">http://viaf.org/viaf/174604532</subfield>
        </datafield>
        <datafield tag="245" ind1="1" ind2="0">
            <subfield code="a">Concrete island</subfield>
            <subfield code="c">J.G. Ballard</subfield>
        </datafield>
        <datafield tag="260" ind1=" " ind2=" ">
            <subfield code="a">London</subfield>
            <subfield code="b">Harper Perennial</subfield>
            <subfield code="c">2008</subfield>
        </datafield>
        <datafield tag="300" ind1=" " ind2=" ">
            <subfield code="a">28 s.</subfield>
        </datafield>
        <datafield tag="336" ind1=" " ind2=" ">
            <subfield code="a">tekst</subfield>
            <subfield code="0">http://rdaregistry.info/termList/RDAContentType/1020</subfield>
        </datafield>
        <datafield tag="337" ind1=" " ind2=" ">
            <subfield code="a">uformidlet</subfield>
            <subfield code="0">http://rdaregistry.info/termList/RDAMediaType/1007</subfield>
        </datafield>
        <datafield tag="338" ind1=" " ind2=" ">
            <subfield code="a">bind</subfield>
            <subfield code="0">http://rdaregistry.info/termList/RDACarrierType/1049</subfield>
        </datafield>
        <datafield tag="380" ind1=" " ind2=" ">
            <subfield code="a">Språkbasert verk</subfield>
            <subfield code="1">https://schema.nb.no/Bibliographic/Values/V1000</subfield>
        </datafield>
        <datafield tag="500" ind1=" " ind2=" ">
            <subfield code="a">Første gang utgitt i Storbritannia av Jonathan Cape, 1974.</subfield>
        </datafield>
    </record>