
    <record>
        <leader>01556pam a2200313 a 4500</leader>
        <controlfield tag="001">016086021</controlfield>
        <controlfield tag="003">Uk</controlfield>
        <controlfield tag="005">20130613113440.0</controlfield>
        <controlfield tag="008">120503s2012    enk      b    001 0 eng d</controlfield>
        <datafield tag="016" ind1="7" ind2=" ">
            <subfield code="a">016086021</subfield>
            <subfield code="2">Uk</subfield>
        </datafield>
        <datafield tag="020" ind1=" " ind2=" ">
            <subfield code="a">0007454856 (hbk.) :</subfield>
            <subfield code="c">£25.00</subfield>
        </datafield>
        <datafield tag="020" ind1=" " ind2=" ">
            <subfield code="a">9780007454853 (hbk.) :</subfield>
            <subfield code="c">£25.00</subfield>
        </datafield>
        <datafield tag="082" ind1="0" ind2="4">
            <subfield code="a">823.914</subfield>
            <subfield code="2">23</subfield>
        </datafield>
        <datafield tag="100" ind1="1" ind2=" ">
            <subfield code="a">Ballard, J. G.</subfield>
            <subfield code="d">1930-2009</subfield>
            <subfield code="1">http://viaf.org/viaf/9842556</subfield>
            <subfield code="4">http://rdaregistry.info/Elements/w/object/P10059</subfield>
        </datafield>
        <datafield tag="240" ind1=" " ind2=" ">
            <subfield code="a">Extreme methaphores</subfield>
            <subfield code="1">http://www.wikidata.org/entity/Q18208804</subfield>
        </datafield>
        <datafield tag="245" ind1="1" ind2="0">
            <subfield code="a">Extreme metaphors :</subfield>
            <subfield code="b">selected interviews with J.G. Ballard, 1967-2008 /</subfield>
            <subfield code="c">by J.G. Ballard ; edited by Simon Sellars and Dan O'Hara.</subfield>
        </datafield>
        <datafield tag="260" ind1=" " ind2=" ">
            <subfield code="a">London :</subfield>
            <subfield code="b">Fourth Estate,</subfield>
            <subfield code="c">2012.</subfield>
        </datafield>
        <datafield tag="300" ind1=" " ind2=" ">
            <subfield code="a">xxiii, 503 pages ;</subfield>
            <subfield code="c">24 cm.</subfield>
        </datafield>
        <datafield tag="336" ind1=" " ind2=" ">
            <subfield code="a">text</subfield>
            <subfield code="2">rdacontent</subfield>
            <subfield code="0">http://rdaregistry.info/termList/RDAContentType/1020</subfield>
        </datafield>
        <datafield tag="337" ind1=" " ind2=" ">
            <subfield code="a">unmediated</subfield>
            <subfield code="2">rdamedia</subfield>
            <subfield code="0">http://rdaregistry.info/termList/RDAMediaType/1007</subfield>
        </datafield>
        <datafield tag="338" ind1=" " ind2=" ">
            <subfield code="a">volume</subfield>
            <subfield code="2">rdacarrier</subfield>
            <subfield code="0">http://rdaregistry.info/termList/RDACarrierType/1049</subfield>
        </datafield>
        <datafield tag="500" ind1=" " ind2=" ">
            <subfield code="a">Formerly CIP.</subfield>
            <subfield code="5">Uk</subfield>
        </datafield>
        <datafield tag="504" ind1=" " ind2=" ">
            <subfield code="a">Includes bibliographical references and index.</subfield>
        </datafield>
        <datafield tag="600" ind1="1" ind2="0">
            <subfield code="a">Ballard, J. G.</subfield>
            <subfield code="d">1930-2009</subfield>
            <subfield code="v">Interviews</subfield>
            <subfield code="1">http://viaf.org/viaf/9842556</subfield>
        </datafield>
        <datafield tag="700" ind1="1" ind2=" ">
            <subfield code="a">O'Hara, Daniel Finbarr John</subfield>
            <subfield code="d">1972-</subfield>
            <subfield code="e">editor</subfield>
            <subfield code="4">edt</subfield>
            <subfield code="4">edc</subfield>
            <subfield code="1">http://viaf.org/viaf/66433403</subfield>
            <subfield code="4">http://rdaregistry.info/Elements/m/object/P30267</subfield>
        </datafield>
        <datafield tag="700" ind1="1" ind2=" ">
            <subfield code="a">Sellars, Simon</subfield>
            <subfield code="e">editor</subfield>
            <subfield code="4">edt</subfield>
            <subfield code="1">http://viaf.org/viaf/58855728</subfield>
            <subfield code="4">http://rdaregistry.info/Elements/m/object/P30267</subfield>
        </datafield>
    </record>