
    <record>
        <leader>01216nam a2200301 i 4500</leader>
        <controlfield tag="001">017808221</controlfield>
        <controlfield tag="003">Uk</controlfield>
        <controlfield tag="005">20170705161006.0</controlfield>
        <controlfield tag="008">160419t20161971enk           000 j eng  </controlfield>
        <datafield tag="016" ind1="7" ind2=" ">
            <subfield code="a">017808221</subfield>
            <subfield code="2">Uk</subfield>
        </datafield>
        <datafield tag="020" ind1=" " ind2=" ">
            <subfield code="a">9781784870997</subfield>
            <subfield code="q">paperback</subfield>
        </datafield>
        <datafield tag="082" ind1="0" ind2="4">
            <subfield code="a">823.914</subfield>
            <subfield code="2">23</subfield>
        </datafield>
        <datafield tag="100" ind1="1" ind2=" ">
            <subfield code="a">Ballard, J. G.</subfield>
            <subfield code="d">1930-2009</subfield>
            <subfield code="e">author</subfield>
            <subfield code="1">http://viaf.org/viaf/9842556</subfield>
            <subfield code="4">http://rdaregistry.info/Elements/w/object/P10061</subfield>
        </datafield>
        <datafield tag="240" ind1="1" ind2="0">
            <subfield code="a">Vermilion sands.</subfield>
            <subfield code="k">Selections</subfield>
            <subfield code="1">http://viaf.org/viaf/307991538</subfield>
        </datafield>
        <datafield tag="245" ind1="1" ind2="0">
            <subfield code="a">Vermilion sands /</subfield>
            <subfield code="c">J.G. Ballard.</subfield>
        </datafield>
        <datafield tag="264" ind1=" " ind2="1">
            <subfield code="a">London :</subfield>
            <subfield code="b">Vintage,</subfield>
            <subfield code="c">[2016?]</subfield>
        </datafield>
        <datafield tag="264" ind1=" " ind2="4">
            <subfield code="c">©1971</subfield>
        </datafield>
        <datafield tag="300" ind1=" " ind2=" ">
            <subfield code="a">208 pages ;</subfield>
            <subfield code="c">18 cm +</subfield>
            <subfield code="e">1 sheet of acetate</subfield>
        </datafield>
        <datafield tag="336" ind1=" " ind2=" ">
            <subfield code="a">text</subfield>
            <subfield code="2">rdacontent</subfield>
            <subfield code="0">http://rdaregistry.info/termList/RDAContentType/1020</subfield>
        </datafield>
        <datafield tag="337" ind1=" " ind2=" ">
            <subfield code="a">unmediated</subfield>
            <subfield code="2">rdamedia</subfield>
            <subfield code="0">http://rdaregistry.info/termList/RDAMediaType/1007</subfield>
        </datafield>
        <datafield tag="338" ind1=" " ind2=" ">
            <subfield code="a">volume</subfield>
            <subfield code="2">rdacarrier</subfield>
            <subfield code="0">http://rdaregistry.info/termList/RDACarrierType/1049</subfield>
        </datafield>
        <datafield tag="380" ind1=" " ind2=" ">
            <subfield code="a">Short story</subfield>
        </datafield>
        <datafield tag="500" ind1=" " ind2=" ">
            <subfield code="a">Includes 1 sheet of acetate which animates cover art, attached to inside front cover.</subfield>
        </datafield>
        <datafield tag="500" ind1=" " ind2=" ">
            <subfield code="a">Originally published: Great Britain: Jonathan Cape, 1973.</subfield>
        </datafield>
    </record>