
    <record>
        <leader>01175pam a2200253 i 4500</leader>
        <controlfield tag="001">021201915</controlfield>
        <controlfield tag="003">UkOxU</controlfield>
        <controlfield tag="005">20201007153539.0</controlfield>
        <controlfield tag="008">180531s2014    enk           000 1 eng d</controlfield>
        <datafield tag="020" ind1=" " ind2=" ">
            <subfield code="a">9780007116867</subfield>
            <subfield code="q">paperback</subfield>
        </datafield>
        <datafield tag="100" ind1="1" ind2=" ">
            <subfield code="a">Ballard, J. G.</subfield>
            <subfield code="d">1930-2009</subfield>
            <subfield code="e">author</subfield>
            <subfield code="1">http://viaf.org/viaf/9842556</subfield>
            <subfield code="4">http://rdaregistry.info/Elements/w/object/P10061</subfield>
        </datafield>
        <datafield tag="240" ind1="1" ind2="0">
            <subfield code="a">The atrocity exhibition</subfield>
            <subfield code="1">http://viaf.org/viaf/182227002</subfield>
        </datafield>
        <datafield tag="245" ind1="1" ind2="4">
            <subfield code="a">The atrocity exhibition /</subfield>
            <subfield code="c">J.G. Ballard ; preface by William Burroughs ; introduction by Hari Kunzru.</subfield>
        </datafield>
        <datafield tag="264" ind1=" " ind2="1">
            <subfield code="a">London :</subfield>
            <subfield code="b">Fourth Estate,</subfield>
            <subfield code="c">2014.</subfield>
        </datafield>
        <datafield tag="300" ind1=" " ind2=" ">
            <subfield code="a">xix, 188 pages ;</subfield>
            <subfield code="c">20 cm</subfield>
        </datafield>
        <datafield tag="336" ind1=" " ind2=" ">
            <subfield code="a">text</subfield>
            <subfield code="2">rdacontent</subfield>
            <subfield code="0">http://rdaregistry.info/termList/RDAContentType/1020</subfield>
        </datafield>
        <datafield tag="337" ind1=" " ind2=" ">
            <subfield code="a">unmediated</subfield>
            <subfield code="2">rdamedia</subfield>
            <subfield code="0">http://rdaregistry.info/termList/RDAMediaType/1007</subfield>
        </datafield>
        <datafield tag="338" ind1=" " ind2=" ">
            <subfield code="a">volume</subfield>
            <subfield code="2">rdacarrier</subfield>
            <subfield code="0">http://rdaregistry.info/termList/RDACarrierType/1049</subfield>
        </datafield>
        <datafield tag="380" ind1=" " ind2=" ">
            <subfield code="a">Fiction</subfield>
        </datafield>
        <datafield tag="700" ind1="1" ind2=" ">
            <subfield code="a">Burroughs, William S.</subfield>
            <subfield code="d">1914-1997,</subfield>
            <subfield code="4">wrp</subfield>
            <subfield code="e">writer of preface</subfield>
            <subfield code="1">http://viaf.org/viaf/108916275</subfield>
        </datafield>
        <datafield tag="700" ind1="1" ind2=" ">
            <subfield code="a">Kunzru, Hari</subfield>
            <subfield code="d">1969-</subfield>
            <subfield code="e">writer of introduction</subfield>
            <subfield code="4">win</subfield>
        </datafield>
    </record>