
    <record>
        <leader>01551cam a2200337 a 4500</leader>
        <controlfield tag="001">015744765</controlfield>
        <controlfield tag="003">UkOxU</controlfield>
        <controlfield tag="005">20131204095120.0</controlfield>
        <controlfield tag="008">040513r20041994enk           000 0deng d</controlfield>
        <datafield tag="020" ind1=" " ind2=" ">
            <subfield code="a">0099458209 (pbk.)</subfield>
        </datafield>
        <datafield tag="020" ind1=" " ind2=" ">
            <subfield code="a">9780099458203 (pbk.)</subfield>
        </datafield>
        <datafield tag="082" ind1="0" ind2=" ">
            <subfield code="a">615.32</subfield>
            <subfield code="2">22</subfield>
        </datafield>
        <datafield tag="100" ind1="1" ind2=" ">
            <subfield code="a">Huxley, Aldous</subfield>
            <subfield code="d">1894-1963.</subfield>
            <subfield code="1">http://viaf.org/viaf/71392434</subfield>
            <subfield code="4">http://rdaregistry.info/Elements/w/object/P10061</subfield>
        </datafield>
        <datafield tag="245" ind1="1" ind2="4">
            <subfield code="a">The doors of perception ; and, Heaven and hell /</subfield>
            <subfield code="c">Aldous Huxley ; with a foreword by J.G. Ballard ; and a biographical introduction by David Bradshaw.</subfield>
        </datafield>
        <datafield tag="260" ind1=" " ind2=" ">
            <subfield code="a">London :</subfield>
            <subfield code="b">Vintage,</subfield>
            <subfield code="c">2004.</subfield>
        </datafield>
        <datafield tag="300" ind1=" " ind2=" ">
            <subfield code="a">xviii, 123 pages ;</subfield>
            <subfield code="c">20 cm.</subfield>
        </datafield>
        <datafield tag="336" ind1=" " ind2=" ">
            <subfield code="a">text</subfield>
            <subfield code="b">txt</subfield>
            <subfield code="2">rdacontent</subfield>
            <subfield code="0">http://rdaregistry.info/termList/RDAContentType/1020</subfield>
        </datafield>
        <datafield tag="337" ind1=" " ind2=" ">
            <subfield code="a">unmediated</subfield>
            <subfield code="b">n</subfield>
            <subfield code="2">rdamedia</subfield>
            <subfield code="0">http://rdaregistry.info/termList/RDAMediaType/1007</subfield>
        </datafield>
        <datafield tag="338" ind1=" " ind2=" ">
            <subfield code="a">volume</subfield>
            <subfield code="b">nc</subfield>
            <subfield code="2">rdacarrier</subfield>
            <subfield code="0">http://rdaregistry.info/termList/RDACarrierType/1049</subfield>
        </datafield>
        <datafield tag="490" ind1="1" ind2=" ">
            <subfield code="a">Vintage classics</subfield>
        </datafield>
        <datafield tag="500" ind1=" " ind2=" ">
            <subfield code="a">Originally published: London: Flamingo, 1994.</subfield>
        </datafield>
        <datafield tag="700" ind1="1" ind2=" ">
            <subfield code="a">Ballard, J. G.</subfield>
            <subfield code="d">1930-2009</subfield>
            <subfield code="0">(NO-TrBIB)90199005</subfield>
            <subfield code="1">http://viaf.org/viaf/9842556</subfield>
            <subfield code="4">aui</subfield>
        </datafield>
        <datafield tag="700" ind1="1" ind2=" ">
            <subfield code="a">Bradshaw, David</subfield>
            <subfield code="0">(NO-TrBIB)90907071</subfield>
            <subfield code="1">http://viaf.org/viaf/71482503</subfield>
            <subfield code="4">aui</subfield>
        </datafield>
        <datafield tag="700" ind1=" " ind2="2">
            <subfield code="a">Huxley, Aldous</subfield>
            <subfield code="d">1894-1963</subfield>
            <subfield code="t">Heaven and hell</subfield>
            <subfield code="1">http://viaf.org/viaf/177772835</subfield>
        </datafield>
        <datafield tag="700" ind1=" " ind2="2">
            <subfield code="a">Huxley, Aldous</subfield>
            <subfield code="d">1894-1963</subfield>
            <subfield code="t">The doors of perception</subfield>
            <subfield code="1">http://viaf.org/viaf/309284854</subfield>
        </datafield>
        <datafield tag="830" ind1=" " ind2="0">
            <subfield code="a">Vintage classics (London, England)</subfield>
        </datafield>
    </record>