
    <record>
        <leader>01165cja a2200241 c 4500</leader>
        <controlfield tag="001">990611141034702201</controlfield>
        <controlfield tag="003">BIBSYS</controlfield>
        <controlfield tag="005">20190130101006.0</controlfield>
        <controlfield tag="007">sd f||||||||||</controlfield>
        <controlfield tag="008">060711s1987    xx#|||| ||||||||||||und|d</controlfield>
        <datafield tag="100" ind1="1" ind2=" ">
            <subfield code="a">Williams, John</subfield>
            <subfield code="d">1932-</subfield>
            <subfield code="0">(NO-TrBIB)5056598</subfield>
            <subfield code="1">http://www.wikidata.org/entity/Q131285</subfield>
            <subfield code="4">http://rdaregistry.info/Elements/w/object/P10053</subfield>
        </datafield>
        <datafield tag="240" ind1=" " ind2=" ">
            <subfield code="a">Imaginary air battle</subfield>
            <subfield code="1">http://www.wikidata.org/entity/Q3724830/imaginaryairbattle</subfield>
        </datafield>
        <datafield tag="245" ind1="0" ind2="0">
            <subfield code="a">Imaginary air battle</subfield>
            <subfield code="h">[lydopptak]</subfield>
        </datafield>
        <datafield tag="260" ind1=" " ind2=" ">
            <subfield code="c">1987</subfield>
        </datafield>
        <datafield tag="336" ind1=" " ind2=" ">
            <subfield code="a">performed music</subfield>
            <subfield code="b">prm</subfield>
            <subfield code="2">rdacontent</subfield>
            <subfield code="0">http://rdaregistry.info/termList/RDAContentType/1011</subfield>
        </datafield>
        <datafield tag="337" ind1=" " ind2=" ">
            <subfield code="a">audio</subfield>
            <subfield code="b">s</subfield>
            <subfield code="2">rdamedia</subfield>
            <subfield code="0">http://rdaregistry.info/termList/RDAMediaType/1001</subfield>
        </datafield>
        <datafield tag="338" ind1=" " ind2=" ">
            <subfield code="a">audio disc</subfield>
            <subfield code="b">sd</subfield>
            <subfield code="2">rdacarrier</subfield>
            <subfield code="0">http://rdaregistry.info/termList/RDACarrierType/1004</subfield>
        </datafield>
        <datafield tag="344" ind1=" " ind2=" ">
            <subfield code="a">digital</subfield>
            <subfield code="c">1.4 m. per second</subfield>
            <subfield code="2">rda</subfield>
        </datafield>
        <datafield tag="347" ind1=" " ind2=" ">
            <subfield code="a">audio file</subfield>
            <subfield code="b">CD audio</subfield>
            <subfield code="2">rda</subfield>
        </datafield>
        <datafield tag="380" ind1=" " ind2=" ">
            <subfield code="a">Filmmusikk</subfield>
            <subfield code="2">emnmus</subfield>
        </datafield>
        <datafield tag="730" ind1="1" ind2=" ">
            <subfield code="a">Empire of the sun</subfield>
            <subfield code="1">http://viaf.org/viaf/293611582</subfield>
            <subfield code="4">http://rdaregistry.info/Elements/w/object/P10245</subfield>
        </datafield>
        <datafield tag="773" ind1="0" ind2=" ">
            <subfield code="a">Williams, John</subfield>
            <subfield code="t">Empire of the sun</subfield>
            <subfield code="d">[S.l.] : Warner Bros., 1987</subfield>
            <subfield code="w">990611140224702201</subfield>
        </datafield>
    </record>