
    <record>
        <leader>01115caa a2200229 c 4500</leader>
        <controlfield tag="001">990900892194702201</controlfield>
        <controlfield tag="003">BIBSYS</controlfield>
        <controlfield tag="005">20190130102739.0</controlfield>
        <controlfield tag="007">co||||||||||||</controlfield>
        <controlfield tag="008">150206s2008    xx#|||||#####|000|u|eng|d</controlfield>
        <datafield tag="100" ind1="1" ind2=" ">
            <subfield code="a">Ballard, J. G.</subfield>
            <subfield code="d">1930-2009</subfield>
            <subfield code="0">(NO-TrBIB)90199005</subfield>
            <subfield code="1">http://viaf.org/viaf/9842556</subfield>
            <subfield code="4">http://rdaregistry.info/Elements/w/object/P10059</subfield>
        </datafield>
        <datafield tag="245" ind1="1" ind2="0">
            <subfield code="a">The living novelist</subfield>
            <subfield code="c">J.G. Ballard ; interviewer: George MacBeth</subfield>
            <subfield code="h">[elektronisk ressurs]</subfield>
        </datafield>
        <datafield tag="260" ind1=" " ind2=" ">
            <subfield code="c">2008</subfield>
        </datafield>
        <datafield tag="300" ind1=" " ind2=" ">
            <subfield code="a">6 min., 50 sek. (extract)</subfield>
        </datafield>
        <datafield tag="336" ind1=" " ind2=" ">
            <subfield code="a">text</subfield>
            <subfield code="b">txt</subfield>
            <subfield code="2">rdacontent</subfield>
            <subfield code="0">http://rdaregistry.info/termList/RDAContentType/1020</subfield>
        </datafield>
        <datafield tag="337" ind1=" " ind2=" ">
            <subfield code="a">computer</subfield>
            <subfield code="b">c</subfield>
            <subfield code="2">rdamedia</subfield>
            <subfield code="0">http://rdaregistry.info/termList/RDAMediaType/1003</subfield>
        </datafield>
        <datafield tag="338" ind1=" " ind2=" ">
            <subfield code="a">other</subfield>
            <subfield code="b">cz</subfield>
            <subfield code="2">rdacarrier</subfield>
            <subfield code="0">http://rdaregistry.info/termList/RDACarrierType/1018</subfield>
        </datafield>
        <datafield tag="347" ind1=" " ind2=" ">
            <subfield code="a">data file</subfield>
            <subfield code="2">rda</subfield>
        </datafield>
        <datafield tag="500" ind1=" " ind2=" ">
            <subfield code="a">Date of broadcast: 09.06.1973</subfield>
        </datafield>
        <datafield tag="700" ind1="1" ind2=" ">
            <subfield code="a">MacBeth, George</subfield>
            <subfield code="0">(NO-TrBIB)90119481</subfield>
            <subfield code="1">http://viaf.org/viaf/79030479</subfield>
            <subfield code="4">http://rdaregistry.info/Elements/w/object/P10057</subfield>
        </datafield>
        <datafield tag="773" ind1="0" ind2=" ">
            <subfield code="t">The Spoken Word</subfield>
            <subfield code="d">The British Library Board, 2008</subfield>
            <subfield code="z">9780712305419</subfield>
            <subfield code="w">990826539764702201</subfield>
        </datafield>
    </record>