
    <record>
        <leader>02669cgm a2200505 c 4500</leader>
        <controlfield tag="001">991138304244702201</controlfield>
        <controlfield tag="003">BIBSYS</controlfield>
        <controlfield tag="005">20160519160326.0</controlfield>
        <controlfield tag="007">vd |v||||</controlfield>
        <controlfield tag="008">150206s2011    xx#|||||||||||####v|mul|d</controlfield>
        <datafield tag="041" ind1=" " ind2=" ">
            <subfield code="a">eng</subfield>
            <subfield code="a">spa</subfield>
            <subfield code="a">ger</subfield>
        </datafield>
        <datafield tag="130" ind1="1" ind2="0">
            <subfield code="a">Empire of the sun</subfield>
            <subfield code="1">http://viaf.org/viaf/293611582</subfield>
        </datafield>
        <datafield tag="245" ind1="0" ind2="0">
            <subfield code="a">Empire of the sun =</subfield>
            <subfield code="b">Solens rike</subfield>
            <subfield code="c">produced by Steven Spielberg, Kathleen Kennedy, Frank Marshall ; screenplay by Tom Stoppard ; directed by Steven Spielberg</subfield>
            <subfield code="h">[videoopptak]</subfield>
        </datafield>
        <datafield tag="246" ind1="3" ind2="1">
            <subfield code="a">Solens rike</subfield>
        </datafield>
        <datafield tag="260" ind1=" " ind2=" ">
            <subfield code="a">[S.l.]</subfield>
            <subfield code="b">Warner Brothers Entertainment Norge</subfield>
            <subfield code="c">cop. 2011</subfield>
        </datafield>
        <datafield tag="300" ind1=" " ind2=" ">
            <subfield code="a">1 plate (DVD-video) (146 min)</subfield>
            <subfield code="b">lyd, kol.</subfield>
        </datafield>
        <datafield tag="336" ind1=" " ind2=" ">
            <subfield code="a">todimensjonalt levende bilde</subfield>
            <subfield code="2">rdacontent</subfield>
            <subfield code="0">http://rdaregistry.info/termList/RDAContentType/1023</subfield>
        </datafield>
        <datafield tag="337" ind1=" " ind2=" ">
            <subfield code="a">video</subfield>
            <subfield code="2">rdamedia</subfield>
            <subfield code="0">http://rdaregistry.info/termList/RDAMediaType/1008</subfield>
        </datafield>
        <datafield tag="338" ind1=" " ind2=" ">
            <subfield code="a">videplate</subfield>
            <subfield code="2">rdacarrier</subfield>
            <subfield code="0">http://rdaregistry.info/termList/RDACarrierType/1060</subfield>
        </datafield>
        <datafield tag="344" ind1=" " ind2=" ">
            <subfield code="a">digital</subfield>
            <subfield code="2">rda</subfield>
        </datafield>
        <datafield tag="345" ind1=" " ind2=" ">
            <subfield code="a">videodisc</subfield>
        </datafield>
        <datafield tag="346" ind1=" " ind2=" ">
            <subfield code="a">DVD</subfield>
        </datafield>
        <datafield tag="347" ind1=" " ind2=" ">
            <subfield code="a">video file</subfield>
            <subfield code="b">DVD</subfield>
            <subfield code="2">rda</subfield>
        </datafield>
        <datafield tag="380" ind1=" " ind2=" ">
            <subfield code="a">filmverk</subfield>
            <subfield code="0">https://schema.nb.no/Bibliographic/Values/V1002</subfield>
        </datafield>
        <datafield tag="500" ind1=" " ind2=" ">
            <subfield code="a">Aldersgrense: 15 år</subfield>
        </datafield>
        <datafield tag="500" ind1=" " ind2=" ">
            <subfield code="a">Bygger på: Empire of the sun / J.G. Ballard</subfield>
        </datafield>
        <datafield tag="500" ind1=" " ind2=" ">
            <subfield code="a">Drama</subfield>
        </datafield>
        <datafield tag="500" ind1=" " ind2=" ">
            <subfield code="a">Ekstramateriale: Dokumentaren "The China Odyssey", trailer</subfield>
        </datafield>
        <datafield tag="500" ind1=" " ind2=" ">
            <subfield code="a">Engelsk, tysk og spansk tale; norske undertekster valgbare</subfield>
        </datafield>
        <datafield tag="500" ind1=" " ind2=" ">
            <subfield code="a">Medietilsynet : 63126</subfield>
        </datafield>
        <datafield tag="500" ind1=" " ind2=" ">
            <subfield code="a">Produksjon: USA : Warner Bros., 1987</subfield>
        </datafield>
        <datafield tag="500" ind1=" " ind2=" ">
            <subfield code="a">Rolleliste: John Malkovich, Miranda Richardson, Nigel Havers, Christian Bale</subfield>
        </datafield>
        <datafield tag="500" ind1=" " ind2=" ">
            <subfield code="a">Warner Home Video (Norge) : 73737</subfield>
        </datafield>
        <datafield tag="700" ind1="1" ind2=" ">
            <subfield code="a">Bale, Christian</subfield>
            <subfield code="d">1974-</subfield>
            <subfield code="0">(NO-TrBIB)1024813</subfield>
            <subfield code="4">act</subfield>
            <subfield code="1">http://viaf.org/viaf/116979537</subfield>
        </datafield>
        <datafield tag="700" ind1="1" ind2=" ">
            <subfield code="a">Havers, Nigel</subfield>
            <subfield code="d">1949-</subfield>
            <subfield code="0">(NO-TrBIB)99002707</subfield>
            <subfield code="4">act</subfield>
            <subfield code="4">act</subfield>
            <subfield code="1">http://viaf.org/viaf/56811607</subfield>
        </datafield>
        <datafield tag="700" ind1="1" ind2=" ">
            <subfield code="a">Kennedy, Kathleen</subfield>
            <subfield code="0">(NO-TrBIB)2067120</subfield>
            <subfield code="4">pro</subfield>
            <subfield code="4">pro</subfield>
            <subfield code="1">http://viaf.org/viaf/305233626</subfield>
        </datafield>
        <datafield tag="700" ind1="1" ind2=" ">
            <subfield code="a">Malkovich, John</subfield>
            <subfield code="d">1953-</subfield>
            <subfield code="0">(NO-TrBIB)98013480</subfield>
            <subfield code="4">act</subfield>
            <subfield code="4">act</subfield>
            <subfield code="1">http://viaf.org/viaf/85398839</subfield>
        </datafield>
        <datafield tag="700" ind1="1" ind2=" ">
            <subfield code="a">Marshall, Frank</subfield>
            <subfield code="d">1946-</subfield>
            <subfield code="0">(NO-TrBIB)3017275</subfield>
            <subfield code="4">pro</subfield>
            <subfield code="4">pro</subfield>
            <subfield code="1">http://viaf.org/viaf/79417930</subfield>
        </datafield>
        <datafield tag="700" ind1="1" ind2=" ">
            <subfield code="a">Richardson, Miranda</subfield>
            <subfield code="d">1958-</subfield>
            <subfield code="0">(NO-TrBIB)98013479</subfield>
            <subfield code="4">act</subfield>
            <subfield code="4">act</subfield>
            <subfield code="1">http://viaf.org/viaf/7587211</subfield>
        </datafield>
        <datafield tag="700" ind1="1" ind2=" ">
            <subfield code="a">Spielberg, Steven</subfield>
            <subfield code="d">1946-</subfield>
            <subfield code="0">(NO-TrBIB)90116975</subfield>
            <subfield code="4">pro</subfield>
            <subfield code="4">drt</subfield>
            <subfield code="4">drt</subfield>
            <subfield code="4">pro</subfield>
            <subfield code="1">http://viaf.org/viaf/111553324</subfield>
        </datafield>
        <datafield tag="700" ind1="1" ind2=" ">
            <subfield code="a">Stoppard, Tom</subfield>
            <subfield code="d">1937-</subfield>
            <subfield code="0">(NO-TrBIB)90055286</subfield>
            <subfield code="4">aus</subfield>
            <subfield code="4">aus</subfield>
            <subfield code="1">http://viaf.org/viaf/101362857</subfield>
        </datafield>
        <datafield tag="740" ind1="0" ind2=" ">
            <subfield code="a">The China Odyssey</subfield>
        </datafield>
        <datafield tag="758" ind1=" " ind2=" ">
            <subfield code="a">Empire of the sun</subfield>
            <subfield code="1">http://viaf.org/viaf/180997771</subfield>
            <subfield code="4">http://rdaregistry.info/Elements/w/object/P10129</subfield>
        </datafield>
    </record>