
    <record>
        <leader>02011nam a22002895c 4500</leader>
        <controlfield tag="001">999920902257202201</controlfield>
        <controlfield tag="003">BIBSYS</controlfield>
        <controlfield tag="005">20191215074949.0</controlfield>
        <controlfield tag="007">ta</controlfield>
        <controlfield tag="008">190830s1966    xxk    | |||||00||0 eng|c</controlfield>
        <datafield tag="245" ind1="1" ind2="0">
            <subfield code="a">Spectrum 3 :</subfield>
            <subfield code="b">A third anthology of science fiction /</subfield>
            <subfield code="c">Selected and edited by Kingsley Amis and Robert Conquest</subfield>
        </datafield>
        <datafield tag="260" ind1=" " ind2=" ">
            <subfield code="a">London</subfield>
            <subfield code="b">Pan Books</subfield>
            <subfield code="c">1966</subfield>
        </datafield>
        <datafield tag="336" ind1=" " ind2=" ">
            <subfield code="a">text</subfield>
            <subfield code="b">txt</subfield>
            <subfield code="2">rdacontent</subfield>
            <subfield code="0">http://rdaregistry.info/termList/RDAContentType/1020</subfield>
        </datafield>
        <datafield tag="337" ind1=" " ind2=" ">
            <subfield code="a">unmediated</subfield>
            <subfield code="b">n</subfield>
            <subfield code="2">rdamedia</subfield>
            <subfield code="0">http://rdaregistry.info/termList/RDAMediaType/1007</subfield>
        </datafield>
        <datafield tag="338" ind1=" " ind2=" ">
            <subfield code="a">volume</subfield>
            <subfield code="b">nc</subfield>
            <subfield code="2">rdacarrier</subfield>
            <subfield code="0">http://rdaregistry.info/termList/RDACarrierType/1049</subfield>
        </datafield>
        <datafield tag="490" ind1="0" ind2=" ">
            <subfield code="a">Spectrum</subfield>
            <subfield code="v">3</subfield>
        </datafield>
        <datafield tag="700" ind1="1" ind2=" ">
            <subfield code="a">Amis, Kingsley</subfield>
            <subfield code="d">1922-1995</subfield>
            <subfield code="0">(NO-TrBIB)90096252</subfield>
            <subfield code="4">edt</subfield>
            <subfield code="4">edc</subfield>
            <subfield code="1">http://viaf.org/viaf/311112707</subfield>
            <subfield code="4">http://rdaregistry.info/Elements/m/object/P30267</subfield>
        </datafield>
        <datafield tag="700" ind1="1" ind2=" ">
            <subfield code="a">Anderson, Poul</subfield>
            <subfield code="d">1926-2001</subfield>
            <subfield code="0">(NO-TrBIB)90135259</subfield>
            <subfield code="4">ctb</subfield>
            <subfield code="1">http://viaf.org/viaf/12304119</subfield>
            <subfield code="4">http://rdaregistry.info/Elements/m/object/P30327</subfield>
        </datafield>
        <datafield tag="700" ind1="1" ind2=" ">
            <subfield code="a">Ballard, J. G.</subfield>
            <subfield code="d">1930-2009</subfield>
            <subfield code="0">(NO-TrBIB)90199005</subfield>
            <subfield code="4">ctb</subfield>
            <subfield code="1">http://viaf.org/viaf/9842556</subfield>
            <subfield code="4">http://rdaregistry.info/Elements/m/object/P30327</subfield>
        </datafield>
        <datafield tag="700" ind1="1" ind2=" ">
            <subfield code="a">Bester, Alfred</subfield>
            <subfield code="d">1913-1987</subfield>
            <subfield code="0">(NO-TrBIB)90083185</subfield>
            <subfield code="4">ctb</subfield>
            <subfield code="4">http://rdaregistry.info/Elements/m/object/P30327</subfield>
        </datafield>
        <datafield tag="700" ind1="1" ind2=" ">
            <subfield code="a">Clarke, Arthur C.</subfield>
            <subfield code="d">1917-2008</subfield>
            <subfield code="q">(Arthur Charles)</subfield>
            <subfield code="0">(NO-TrBIB)90725602</subfield>
            <subfield code="4">ctb</subfield>
            <subfield code="1">http://viaf.org/viaf/27062571</subfield>
            <subfield code="4">http://rdaregistry.info/Elements/m/object/P30327</subfield>
        </datafield>
        <datafield tag="700" ind1="1" ind2=" ">
            <subfield code="a">Conquest, Robert</subfield>
            <subfield code="d">1917-2015</subfield>
            <subfield code="0">(NO-TrBIB)90092680</subfield>
            <subfield code="4">edt</subfield>
            <subfield code="4">edc</subfield>
            <subfield code="4">http://rdaregistry.info/Elements/m/object/P30267</subfield>
        </datafield>
        <datafield tag="700" ind1="1" ind2=" ">
            <subfield code="a">Leinster, Murray</subfield>
            <subfield code="0">(NO-TrBIB)12071884</subfield>
            <subfield code="4">ctb</subfield>
            <subfield code="4">http://rdaregistry.info/Elements/m/object/P30327</subfield>
        </datafield>
        <datafield tag="700" ind1="1" ind2=" ">
            <subfield code="a">Phillips, Peter</subfield>
            <subfield code="0">(NO-TrBIB)8030292</subfield>
            <subfield code="4">ctb</subfield>
            <subfield code="4">http://rdaregistry.info/Elements/m/object/P30327</subfield>
        </datafield>
        <datafield tag="700" ind1="1" ind2=" ">
            <subfield code="a">Rose, Mark</subfield>
            <subfield code="0">(NO-TrBIB)90231592</subfield>
            <subfield code="4">ctb</subfield>
            <subfield code="4">http://rdaregistry.info/Elements/m/object/P30327</subfield>
        </datafield>
        <datafield tag="700" ind1="1" ind2=" ">
            <subfield code="a">Sturgeon, Theodore</subfield>
            <subfield code="d">1918-1985</subfield>
            <subfield code="0">(NO-TrBIB)90967876</subfield>
            <subfield code="4">ctb</subfield>
            <subfield code="1">http://viaf.org/viaf/100257330</subfield>
            <subfield code="4">http://rdaregistry.info/Elements/m/object/P30327</subfield>
        </datafield>
    </record>