
    <record>
        <leader>03798ngm a2200649 c 4500</leader>
        <controlfield tag="001">a6921572</controlfield>
        <controlfield tag="003">SpMaBN</controlfield>
        <controlfield tag="005">20211026092921.3</controlfield>
        <controlfield tag="007">vd*cvaizk</controlfield>
        <controlfield tag="008">210901s2021    sp 138 e          vlspa  </controlfield>
        <datafield tag="017" ind1=" " ind2=" ">
            <subfield code="a">B 3123-2021</subfield>
            <subfield code="b">Oficina Depósito Legal Barcelona</subfield>
        </datafield>
        <datafield tag="024" ind1="3" ind2=" ">
            <subfield code="a">8436535549837</subfield>
        </datafield>
        <datafield tag="028" ind1="4" ind2="0">
            <subfield code="a">AC0983</subfield>
            <subfield code="b">A Contracorriente Films</subfield>
        </datafield>
        <datafield tag="041" ind1="1" ind2=" ">
            <subfield code="a">spa</subfield>
            <subfield code="a">eng</subfield>
            <subfield code="j">spa</subfield>
            <subfield code="h">eng</subfield>
        </datafield>
        <datafield tag="130" ind1="1" ind2="0">
            <subfield code="a">Crash</subfield>
            <subfield code="1">http://www.wikidata.org/entity/Q188000</subfield>
        </datafield>
        <datafield tag="245" ind1="1" ind2="0">
            <subfield code="a">Crash</subfield>
            <subfield code="c">una película de David Cronenberg ; música, Howard Shore ; director de fotografía, Peter Suschitzky ; escrita por David Cronenberg ; producida y dirigida por David Cronenberg</subfield>
        </datafield>
        <datafield tag="250" ind1=" " ind2=" ">
            <subfield code="a">Edición 25 aniversario</subfield>
        </datafield>
        <datafield tag="264" ind1=" " ind2="1">
            <subfield code="a">[Barcelona]</subfield>
            <subfield code="b">A Contracorriente Films,</subfield>
            <subfield code="c">[2021]</subfield>
        </datafield>
        <datafield tag="264" ind1=" " ind2="2">
            <subfield code="a">[Barcelona]</subfield>
            <subfield code="b">A Contracorriente Films,</subfield>
            <subfield code="c">[2021]</subfield>
        </datafield>
        <datafield tag="264" ind1=" " ind2="4">
            <subfield code="c">©2021</subfield>
        </datafield>
        <datafield tag="300" ind1=" " ind2=" ">
            <subfield code="a">1 videodisco (aproximadamente 138 min)</subfield>
            <subfield code="b">sonido, color</subfield>
            <subfield code="c">12 cm</subfield>
        </datafield>
        <datafield tag="336" ind1=" " ind2=" ">
            <subfield code="a">Imagen bidimensional en movimiento</subfield>
            <subfield code="2">rdacontent</subfield>
            <subfield code="0">http://rdaregistry.info/termList/RDAContentType/1023</subfield>
        </datafield>
        <datafield tag="337" ind1=" " ind2=" ">
            <subfield code="a">vídeo</subfield>
            <subfield code="2">rdamedia</subfield>
            <subfield code="0">http://rdaregistry.info/termList/RDAMediaType/1008</subfield>
        </datafield>
        <datafield tag="338" ind1=" " ind2=" ">
            <subfield code="a">videodisco</subfield>
            <subfield code="b">vd</subfield>
            <subfield code="2">rdacarrier</subfield>
            <subfield code="0">http://rdaregistry.info/termList/RDACarrierType/1060</subfield>
        </datafield>
        <datafield tag="336" ind1=" " ind2=" ">
            <subfield code="a">todimensjonalt levende bilde</subfield>
            <subfield code="2">rdacontent</subfield>
            <subfield code="0">http://rdaregistry.info/termList/RDAContentType/1023</subfield>
        </datafield>
        <datafield tag="337" ind1=" " ind2=" ">
            <subfield code="a">video</subfield>
            <subfield code="2">rdamedia</subfield>
            <subfield code="0">http://rdaregistry.info/termList/RDAMediaType/1008</subfield>
        </datafield>
        <datafield tag="338" ind1=" " ind2=" ">
            <subfield code="a">videplate</subfield>
            <subfield code="2">rdacarrier</subfield>
            <subfield code="0">http://rdaregistry.info/termList/RDACarrierType/1060</subfield>
        </datafield>
        <datafield tag="380" ind1=" " ind2=" ">
            <subfield code="a">filmverk</subfield>
            <subfield code="0">https://schema.nb.no/Bibliographic/Values/V1002</subfield>
        </datafield>
        <datafield tag="340" ind1=" " ind2=" ">
            <subfield code="g">color</subfield>
        </datafield>
        <datafield tag="344" ind1=" " ind2=" ">
            <subfield code="a">digital</subfield>
            <subfield code="b">óptico</subfield>
            <subfield code="h">Dolby Digital 5.1</subfield>
            <subfield code="h">Dolby Digital 2.0</subfield>
        </datafield>
        <datafield tag="345" ind1=" " ind2=" ">
            <subfield code="c">1.66:1</subfield>
            <subfield code="c">16:9</subfield>
            <subfield code="d">anamórfico compatible con 4:3</subfield>
        </datafield>
        <datafield tag="346" ind1=" " ind2=" ">
            <subfield code="b">PAL</subfield>
        </datafield>
        <datafield tag="347" ind1=" " ind2=" ">
            <subfield code="a">archivo de vídeo</subfield>
            <subfield code="b">DVD-Vídeo</subfield>
            <subfield code="e">zona 2</subfield>
        </datafield>
        <datafield tag="500" ind1=" " ind2=" ">
            <subfield code="a">Incluye extras (aproximadamente 42 min)</subfield>
        </datafield>
        <datafield tag="500" ind1=" " ind2=" ">
            <subfield code="a">Largometraje coproducido por Canadá y Reino Unido en 1996</subfield>
        </datafield>
        <datafield tag="500" ind1=" " ind2=" ">
            <subfield code="a">Restaurada en 4K</subfield>
        </datafield>
        <datafield tag="508" ind1=" " ind2=" ">
            <subfield code="a">Presentadores, Jeremy Thomas, Robert Lantos ; una producción de Alliance Communications</subfield>
        </datafield>
        <datafield tag="511" ind1="1" ind2=" ">
            <subfield code="a">James Spader, Holly Hunter, Elias Koteas</subfield>
        </datafield>
        <datafield tag="520" ind1="3" ind2=" ">
            <subfield code="a">Una noche, James Ballard estrella su coche contra el de Helen y ambos son ingresados en un hospital. Lo sorprendente es que inmediatamente después del choque los dos experimentaron una extraña atracción mutua. A partir de entonces, la vida de James se precipitará hacia un mundo oscuro y prohibido, dominado por el peligro, el sexo y la muerte</subfield>
        </datafield>
        <datafield tag="521" ind1="1" ind2=" ">
            <subfield code="a">No recomendada para menores de 18 años</subfield>
        </datafield>
        <datafield tag="546" ind1=" " ind2=" ">
            <subfield code="a">Versiones en español e inglés, con subtítulos en español</subfield>
        </datafield>
        <datafield tag="586" ind1=" " ind2=" ">
            <subfield code="a">Entre otros: Premio Especial del Jurado en el Festival de Cannes (1996); 6 Premios en los Genie Awards (1996)</subfield>
        </datafield>
        <datafield tag="700" ind1="1" ind2=" ">
            <subfield code="a">Cronenberg, David</subfield>
            <subfield code="d">1943-</subfield>
            <subfield code="e">director de cine</subfield>
            <subfield code="e">productor</subfield>
            <subfield code="e">guionista</subfield>
            <subfield code="4">fmd</subfield>
            <subfield code="4">pro</subfield>
            <subfield code="4">aus</subfield>
            <subfield code="1">http://viaf.org/viaf/97752099</subfield>
        </datafield>
        <datafield tag="700" ind1="1" ind2=" ">
            <subfield code="a">Hunter, Holly</subfield>
            <subfield code="d">1958-</subfield>
            <subfield code="e">actor</subfield>
            <subfield code="4">act</subfield>
            <subfield code="4">act</subfield>
            <subfield code="1">http://viaf.org/viaf/34649834</subfield>
        </datafield>
        <datafield tag="700" ind1="1" ind2=" ">
            <subfield code="a">Koteas, Elias</subfield>
            <subfield code="d">1961-</subfield>
            <subfield code="e">actor</subfield>
            <subfield code="4">act</subfield>
            <subfield code="1">http://viaf.org/viaf/44498574</subfield>
        </datafield>
        <datafield tag="700" ind1="1" ind2=" ">
            <subfield code="a">Shore, Howard</subfield>
            <subfield code="d">1946-</subfield>
            <subfield code="e">compositor</subfield>
            <subfield code="4">cmp</subfield>
            <subfield code="1">http://viaf.org/viaf/19869016</subfield>
        </datafield>
        <datafield tag="700" ind1="1" ind2=" ">
            <subfield code="a">Spader, James</subfield>
            <subfield code="d">1960-</subfield>
            <subfield code="e">actor</subfield>
            <subfield code="4">act</subfield>
            <subfield code="4">act</subfield>
            <subfield code="1">http://viaf.org/viaf/85111802</subfield>
        </datafield>
        <datafield tag="700" ind1="1" ind2=" ">
            <subfield code="a">Suschitzky, Peter</subfield>
            <subfield code="d">1941-</subfield>
            <subfield code="e">director de fotografía</subfield>
            <subfield code="4">cng</subfield>
            <subfield code="1">http://viaf.org/viaf/69124815</subfield>
        </datafield>
        <datafield tag="700" ind1="1" ind2=" ">
            <subfield code="i">Basada en (obra):</subfield>
            <subfield code="a">Ballard, J. G.</subfield>
            <subfield code="d">1930-2009</subfield>
            <subfield code="t">Crash</subfield>
            <subfield code="1">http://viaf.org/viaf/305922109</subfield>
            <subfield code="4">http://rdaregistry.info/Elements/w/object/P10129</subfield>
        </datafield>
        <datafield tag="711" ind1="2" ind2=" ">
            <subfield code="a">Festival International du Film</subfield>
            <subfield code="n">49º</subfield>
            <subfield code="d">1996</subfield>
            <subfield code="c">Cannes</subfield>
        </datafield>
        <datafield tag="711" ind1="2" ind2=" ">
            <subfield code="a">Genie Awards</subfield>
            <subfield code="n">17º</subfield>
            <subfield code="d">1996</subfield>
            <subfield code="c">Toronto</subfield>
        </datafield>
        <datafield tag="730" ind1="0" ind2="2">
            <subfield code="a">Crash (Película cinematográfica : 1996)</subfield>
            <subfield code="l">Español</subfield>
        </datafield>
    </record>