
    <record>
        <leader>03939ngm a2200685 c 4500</leader>
        <controlfield tag="001">a6226810</controlfield>
        <controlfield tag="003">SpMaBN</controlfield>
        <controlfield tag="005">20180621131444.5</controlfield>
        <controlfield tag="007">vd*csaizq</controlfield>
        <controlfield tag="008">180619s2016    sp 118 g      q   vlspa  </controlfield>
        <datafield tag="017" ind1=" " ind2=" ">
            <subfield code="a">M 26775-2016</subfield>
            <subfield code="b">Oficina Depósito Legal Madrid</subfield>
        </datafield>
        <datafield tag="024" ind1="3" ind2=" ">
            <subfield code="a">8437010738265</subfield>
        </datafield>
        <datafield tag="028" ind1="4" ind2="0">
            <subfield code="a">BE73826</subfield>
            <subfield code="b">Betta Pictures</subfield>
        </datafield>
        <datafield tag="041" ind1="1" ind2=" ">
            <subfield code="a">spa</subfield>
            <subfield code="a">eng</subfield>
            <subfield code="h">eng</subfield>
            <subfield code="j">spa</subfield>
        </datafield>
        <datafield tag="130" ind1="1" ind2="0">
            <subfield code="a">High Rise</subfield>
            <subfield code="1">http://www.wikidata.org/entity/Q16994014</subfield>
        </datafield>
        <datafield tag="245" ind1="1" ind2="0">
            <subfield code="a">High-rise</subfield>
            <subfield code="c">director, Ben Wheatley ; productor, Jeremy Thomas ; guión, Amy Jump ; fotografía, Laurie Rose ; música, Clint Mansell</subfield>
        </datafield>
        <datafield tag="260" ind1=" " ind2=" ">
            <subfield code="a">[Madrid?]</subfield>
            <subfield code="b">distribuida por Betta Pictures a través de Karma Films</subfield>
            <subfield code="c">D.L. 2016</subfield>
        </datafield>
        <datafield tag="300" ind1=" " ind2=" ">
            <subfield code="a">1 Blu-ray (118 min)</subfield>
            <subfield code="b">son., color.</subfield>
        </datafield>
        <datafield tag="336" ind1=" " ind2=" ">
            <subfield code="a">Imagen (en movimiento ; bidimensional)</subfield>
            <subfield code="2">isbdcontent</subfield>
            <subfield code="0">http://rdaregistry.info/termList/RDAContentType/1023</subfield>
        </datafield>
        <datafield tag="337" ind1=" " ind2=" ">
            <subfield code="a">vídeo</subfield>
            <subfield code="2">isbdmedia</subfield>
            <subfield code="0">http://rdaregistry.info/termList/RDAMediaType/1008</subfield>
        </datafield>
        <datafield tag="336" ind1=" " ind2=" ">
            <subfield code="a">todimensjonalt levende bilde</subfield>
            <subfield code="2">rdacontent</subfield>
            <subfield code="0">http://rdaregistry.info/termList/RDAContentType/1023</subfield>
        </datafield>
        <datafield tag="337" ind1=" " ind2=" ">
            <subfield code="a">video</subfield>
            <subfield code="2">rdamedia</subfield>
            <subfield code="0">http://rdaregistry.info/termList/RDAMediaType/1008</subfield>
        </datafield>
        <datafield tag="338" ind1=" " ind2=" ">
            <subfield code="a">videplate</subfield>
            <subfield code="2">rdacarrier</subfield>
            <subfield code="0">http://rdaregistry.info/termList/RDACarrierType/1060</subfield>
        </datafield>
        <datafield tag="344" ind1=" " ind2=" ">
            <subfield code="a">digital</subfield>
            <subfield code="b">video</subfield>
            <subfield code="g">surround</subfield>
            <subfield code="2">rda</subfield>
        </datafield>
        <datafield tag="345" ind1=" " ind2=" ">
            <subfield code="a">videodisc</subfield>
        </datafield>
        <datafield tag="346" ind1=" " ind2=" ">
            <subfield code="a">Blu-ray</subfield>
        </datafield>
        <datafield tag="347" ind1=" " ind2=" ">
            <subfield code="a">video file</subfield>
            <subfield code="b">Blu-ray</subfield>
            <subfield code="2">rda</subfield>
        </datafield>
        <datafield tag="380" ind1=" " ind2=" ">
            <subfield code="a">filmverk</subfield>
            <subfield code="0">https://schema.nb.no/Bibliographic/Values/V1002</subfield>
        </datafield>
        <datafield tag="500" ind1=" " ind2=" ">
            <subfield code="a">Basada en la novela de J.G. Ballard</subfield>
        </datafield>
        <datafield tag="500" ind1=" " ind2=" ">
            <subfield code="a">Incluye extras: entrevistas al director y actores, ficha artística, ficha técnica, carteles alternativos, tráiler</subfield>
        </datafield>
        <datafield tag="511" ind1="1" ind2=" ">
            <subfield code="a">Tom Hiddleston, Jeremy Irons, Sienna Miller, Luke Evans, Elisabeth Moss</subfield>
        </datafield>
        <datafield tag="518" ind1=" " ind2=" ">
            <subfield code="a">Largometraje producido en Reino Unido en 2015</subfield>
        </datafield>
        <datafield tag="520" ind1="3" ind2=" ">
            <subfield code="a">Año 1975. El doctor Robert Laing se muda a la Torre Elysium, un enorme rascacielos dentro del cual se desarrolla todo un mundo aparte, en el cual parece existir la sociedad ideal. Pero secretamente, el recién llegado se sentirá perturbado ante la posibilidad de que este orden utópico no sea tal. Sospechas que rápidamente serán corroboradas de la forma más siniestra</subfield>
        </datafield>
        <datafield tag="521" ind1="1" ind2=" ">
            <subfield code="a">No recomendada para menores de 16 años</subfield>
        </datafield>
        <datafield tag="530" ind1=" " ind2=" ">
            <subfield code="a">Disponible también en DVD-Vídeo</subfield>
        </datafield>
        <datafield tag="538" ind1=" " ind2=" ">
            <subfield code="a">Formato de pantalla 16:9</subfield>
        </datafield>
        <datafield tag="538" ind1=" " ind2=" ">
            <subfield code="a">Formato de película 2.35:1</subfield>
        </datafield>
        <datafield tag="538" ind1=" " ind2=" ">
            <subfield code="a">Formato de sonido Dolby Digital 5.1</subfield>
        </datafield>
        <datafield tag="538" ind1=" " ind2=" ">
            <subfield code="a">Resolución de imagen 1080 Full HD</subfield>
        </datafield>
        <datafield tag="546" ind1=" " ind2=" ">
            <subfield code="a">Versiones en español e inglés, con subtítulos opcionales en español</subfield>
        </datafield>
        <datafield tag="586" ind1=" " ind2=" ">
            <subfield code="a">British Film Designers Guild Awards (2016), Golden Trailer Awards (2016)</subfield>
        </datafield>
        <datafield tag="700" ind1="1" ind2=" ">
            <subfield code="a">Evans, Luke</subfield>
            <subfield code="d">1979-</subfield>
            <subfield code="e">actor</subfield>
            <subfield code="4">act</subfield>
            <subfield code="1">http://viaf.org/viaf/167800050</subfield>
        </datafield>
        <datafield tag="700" ind1="1" ind2=" ">
            <subfield code="a">Hiddleston, Tom</subfield>
            <subfield code="d">1981-</subfield>
            <subfield code="e">actor</subfield>
            <subfield code="4">act</subfield>
            <subfield code="1">http://viaf.org/viaf/227561795</subfield>
        </datafield>
        <datafield tag="700" ind1="1" ind2=" ">
            <subfield code="a">Irons, Jeremy</subfield>
            <subfield code="d">1948-</subfield>
            <subfield code="e">actor</subfield>
            <subfield code="4">act</subfield>
            <subfield code="1">http://viaf.org/viaf/114783177</subfield>
        </datafield>
        <datafield tag="700" ind1="1" ind2=" ">
            <subfield code="a">Jump, Amy</subfield>
            <subfield code="e">guionista</subfield>
            <subfield code="4">aus</subfield>
            <subfield code="4">aus</subfield>
            <subfield code="1">http://viaf.org/viaf/263006949</subfield>
        </datafield>
        <datafield tag="700" ind1="1" ind2=" ">
            <subfield code="a">Mansell, Clint</subfield>
            <subfield code="d">1963-</subfield>
            <subfield code="e">compositor</subfield>
            <subfield code="4">cmp</subfield>
            <subfield code="1">https://www.imdb.com/name/nm0543739/</subfield>
        </datafield>
        <datafield tag="700" ind1="1" ind2=" ">
            <subfield code="a">Miller, Sienna</subfield>
            <subfield code="d">1981-</subfield>
            <subfield code="e">actor</subfield>
            <subfield code="4">act</subfield>
            <subfield code="1">http://viaf.org/viaf/15069355</subfield>
        </datafield>
        <datafield tag="700" ind1="1" ind2=" ">
            <subfield code="a">Moss, Elisabeth</subfield>
            <subfield code="d">1982-</subfield>
            <subfield code="e">actor</subfield>
            <subfield code="4">act</subfield>
            <subfield code="1">http://viaf.org/viaf/90688509</subfield>
        </datafield>
        <datafield tag="700" ind1="1" ind2=" ">
            <subfield code="a">Rose, Laurie</subfield>
            <subfield code="e">director de fotografía</subfield>
            <subfield code="4">cng</subfield>
            <subfield code="1">http://viaf.org/viaf/310657608</subfield>
        </datafield>
        <datafield tag="700" ind1="1" ind2=" ">
            <subfield code="a">Thomas, Jeremy</subfield>
            <subfield code="d">1949-</subfield>
            <subfield code="e">productor</subfield>
            <subfield code="4">pro</subfield>
            <subfield code="1">http://viaf.org/viaf/304130472</subfield>
        </datafield>
        <datafield tag="700" ind1="1" ind2=" ">
            <subfield code="a">Wheatley, Ben</subfield>
            <subfield code="e">director de cine</subfield>
            <subfield code="4">fmd</subfield>
            <subfield code="1">http://viaf.org/viaf/252508880</subfield>
        </datafield>
        <datafield tag="711" ind1="2" ind2=" ">
            <subfield code="a">British Film Designers Guild Awards</subfield>
            <subfield code="d">2016</subfield>
            <subfield code="c">Pinewood Studios, Buckinghamshire</subfield>
        </datafield>
        <datafield tag="711" ind1="2" ind2=" ">
            <subfield code="a">Golden Trailer Awards</subfield>
            <subfield code="n">17º</subfield>
            <subfield code="d">2016</subfield>
            <subfield code="c">Nueva York, EEUU</subfield>
        </datafield>
        <datafield tag="758" ind1=" " ind2=" ">
            <subfield code="a">High-rise</subfield>
            <subfield code="1">http://viaf.org/viaf/308016990</subfield>
            <subfield code="4">http://rdaregistry.info/Elements/w/object/P10129</subfield>
        </datafield>
        <datafield tag="776" ind1="0" ind2=" ">
            <subfield code="t">High-rise</subfield>
            <subfield code="h">1 DVD-Vídeo</subfield>
            <subfield code="w">a6049004</subfield>
        </datafield>
    </record>