
    <record>
        <leader>03919ngm a2200649 c 4500</leader>
        <controlfield tag="001">a5844090</controlfield>
        <controlfield tag="003">SpMaBN</controlfield>
        <controlfield tag="005">20200418003215.7</controlfield>
        <controlfield tag="007">vd*cvaizq</controlfield>
        <controlfield tag="008">160901s2016    sp 147 g         1zlspa  </controlfield>
        <datafield tag="017" ind1=" " ind2=" ">
            <subfield code="a">M 20681-2016</subfield>
            <subfield code="b">Oficina Depósito Legal Madrid</subfield>
        </datafield>
        <datafield tag="028" ind1="4" ind2="0">
            <subfield code="a">Z4-73737</subfield>
            <subfield code="b">Warner Bros. Entertainment</subfield>
        </datafield>
        <datafield tag="041" ind1="1" ind2=" ">
            <subfield code="a">spa</subfield>
            <subfield code="a">eng</subfield>
            <subfield code="a">ger</subfield>
            <subfield code="j">mul</subfield>
            <subfield code="h">eng</subfield>
        </datafield>
        <datafield tag="130" ind1="1" ind2="0">
            <subfield code="a">Empire of the sun</subfield>
            <subfield code="1">http://viaf.org/viaf/293611582</subfield>
        </datafield>
        <datafield tag="245" ind1="1" ind2="3">
            <subfield code="a">El Imperio del Sol =</subfield>
            <subfield code="b">Empire of the sun</subfield>
            <subfield code="c">dirigida por Steven Spielberg ; producida por Steven Spielberg, Kathleen Kennedy, Frank Marshall ; guión de Tom Stoppard ; director de fotografía, Allen Daviau ; música de John Williams</subfield>
        </datafield>
        <datafield tag="250" ind1=" " ind2=" ">
            <subfield code="a">Ed. especial</subfield>
        </datafield>
        <datafield tag="260" ind1=" " ind2=" ">
            <subfield code="a">[Madrid]</subfield>
            <subfield code="b">distribuida en España por Warner Home Video Española</subfield>
            <subfield code="c">D.L. 2016</subfield>
        </datafield>
        <datafield tag="300" ind1=" " ind2=" ">
            <subfield code="a">2 DVD-Vídeo (circa 147 min)</subfield>
            <subfield code="b">son., color.</subfield>
        </datafield>
        <datafield tag="336" ind1=" " ind2=" ">
            <subfield code="a">Imagen (en movimiento ; bidimensional)</subfield>
            <subfield code="2">isbdcontent</subfield>
            <subfield code="0">http://rdaregistry.info/termList/RDAContentType/1023</subfield>
        </datafield>
        <datafield tag="337" ind1=" " ind2=" ">
            <subfield code="a">vídeo</subfield>
            <subfield code="2">isbdmedia</subfield>
            <subfield code="0">http://rdaregistry.info/termList/RDAMediaType/1008</subfield>
        </datafield>
        <datafield tag="336" ind1=" " ind2=" ">
            <subfield code="a">todimensjonalt levende bilde</subfield>
            <subfield code="2">rdacontent</subfield>
            <subfield code="0">http://rdaregistry.info/termList/RDAContentType/1023</subfield>
        </datafield>
        <datafield tag="337" ind1=" " ind2=" ">
            <subfield code="a">video</subfield>
            <subfield code="2">rdamedia</subfield>
            <subfield code="0">http://rdaregistry.info/termList/RDAMediaType/1008</subfield>
        </datafield>
        <datafield tag="338" ind1=" " ind2=" ">
            <subfield code="a">videplate</subfield>
            <subfield code="2">rdacarrier</subfield>
            <subfield code="0">http://rdaregistry.info/termList/RDACarrierType/1060</subfield>
        </datafield>
        <datafield tag="344" ind1=" " ind2=" ">
            <subfield code="a">digital</subfield>
            <subfield code="b">video</subfield>
            <subfield code="g">surround</subfield>
            <subfield code="2">rda</subfield>
        </datafield>
        <datafield tag="345" ind1=" " ind2=" ">
            <subfield code="a">videodisc</subfield>
        </datafield>
        <datafield tag="346" ind1=" " ind2=" ">
            <subfield code="a">DVD</subfield>
        </datafield>
        <datafield tag="347" ind1=" " ind2=" ">
            <subfield code="a">video file</subfield>
            <subfield code="b">DVD</subfield>
            <subfield code="2">rda</subfield>
        </datafield>
        <datafield tag="380" ind1=" " ind2=" ">
            <subfield code="a">filmverk</subfield>
            <subfield code="0">https://schema.nb.no/Bibliographic/Values/V1002</subfield>
        </datafield>
        <datafield tag="500" ind1=" " ind2=" ">
            <subfield code="a">Basada en la novela de J.G. Ballard</subfield>
        </datafield>
        <datafield tag="500" ind1=" " ind2=" ">
            <subfield code="a">Copia para venta y/o alquiler</subfield>
        </datafield>
        <datafield tag="500" ind1=" " ind2=" ">
            <subfield code="a">Incluye extras: documental "The China osissey", tráiler cinematográfico</subfield>
        </datafield>
        <datafield tag="505" ind1="0" ind2=" ">
            <subfield code="a">DVD 1. Película. -- DVD 2. documental "The China osissey", tráiler cinematográfico</subfield>
        </datafield>
        <datafield tag="511" ind1="1" ind2=" ">
            <subfield code="a">John Malkovich, Miranda Richardson, Nigel Havers</subfield>
        </datafield>
        <datafield tag="518" ind1=" " ind2=" ">
            <subfield code="a">Realizada en 1987 en Estados Unidos</subfield>
        </datafield>
        <datafield tag="520" ind1="3" ind2=" ">
            <subfield code="a">Jim es un niño inglés de familia acomodada que se pierde de sus padres cuando las tropas japonesas entran en Shanghai. Pocos días después es capturado y enviado a un campo de concentración donde vivirá casi cuatro años</subfield>
        </datafield>
        <datafield tag="521" ind1="1" ind2=" ">
            <subfield code="a">Autorizada para todos lo públicos</subfield>
        </datafield>
        <datafield tag="546" ind1=" " ind2=" ">
            <subfield code="a">Versiones en español, englés y alemán, con subtítulos opcionales en español, inglés, alemán, portugués, danés, finlandés, noruego, sueco, polaco, esloveno, croata, checo, griego, hebreo, húngaro, turco, serbio, codificado para sordos en inglés y alemán</subfield>
        </datafield>
        <datafield tag="597" ind1=" " ind2=" ">
            <subfield code="a">Formato de doble capa de lectura</subfield>
        </datafield>
        <datafield tag="597" ind1=" " ind2=" ">
            <subfield code="a">Formato de pantalla 16:9</subfield>
        </datafield>
        <datafield tag="597" ind1=" " ind2=" ">
            <subfield code="a">Formato de película 1.85:1</subfield>
        </datafield>
        <datafield tag="597" ind1=" " ind2=" ">
            <subfield code="a">Formato de sonido Dolby Digital 2.0 y 5.1</subfield>
        </datafield>
        <datafield tag="700" ind1="1" ind2=" ">
            <subfield code="a">Daviau, Allen</subfield>
            <subfield code="d">1942-2020</subfield>
            <subfield code="e">director de fotografía</subfield>
            <subfield code="4">cng</subfield>
            <subfield code="1">http://viaf.org/viaf/17428858</subfield>
        </datafield>
        <datafield tag="700" ind1="1" ind2=" ">
            <subfield code="a">Havers, Nigel</subfield>
            <subfield code="d">1949-</subfield>
            <subfield code="e">actor</subfield>
            <subfield code="4">act</subfield>
            <subfield code="4">act</subfield>
            <subfield code="1">http://viaf.org/viaf/56811607</subfield>
        </datafield>
        <datafield tag="700" ind1="1" ind2=" ">
            <subfield code="a">Kennedy, Kathleen</subfield>
            <subfield code="d">1953-</subfield>
            <subfield code="e">productor</subfield>
            <subfield code="4">pro</subfield>
            <subfield code="4">pro</subfield>
            <subfield code="1">http://viaf.org/viaf/305233626</subfield>
        </datafield>
        <datafield tag="700" ind1="1" ind2=" ">
            <subfield code="a">Malkovich, John</subfield>
            <subfield code="d">1953-</subfield>
            <subfield code="e">actor</subfield>
            <subfield code="4">act</subfield>
            <subfield code="4">act</subfield>
            <subfield code="1">http://viaf.org/viaf/85398839</subfield>
        </datafield>
        <datafield tag="700" ind1="1" ind2=" ">
            <subfield code="a">Marshall, Frank</subfield>
            <subfield code="d">1946-</subfield>
            <subfield code="e">productor</subfield>
            <subfield code="4">pro</subfield>
            <subfield code="4">pro</subfield>
            <subfield code="1">http://viaf.org/viaf/79417930</subfield>
        </datafield>
        <datafield tag="700" ind1="1" ind2=" ">
            <subfield code="a">Richardson, Miranda</subfield>
            <subfield code="d">1958-</subfield>
            <subfield code="e">actor</subfield>
            <subfield code="4">act</subfield>
            <subfield code="4">act</subfield>
            <subfield code="1">http://viaf.org/viaf/7587211</subfield>
        </datafield>
        <datafield tag="700" ind1="1" ind2=" ">
            <subfield code="a">Spielberg, Steven</subfield>
            <subfield code="d">1946-</subfield>
            <subfield code="e">director de cine</subfield>
            <subfield code="e">productor</subfield>
            <subfield code="4">fmd</subfield>
            <subfield code="4">pro</subfield>
            <subfield code="4">drt</subfield>
            <subfield code="4">pro</subfield>
            <subfield code="1">http://viaf.org/viaf/111553324</subfield>
        </datafield>
        <datafield tag="700" ind1="1" ind2=" ">
            <subfield code="a">Stoppard, Tom</subfield>
            <subfield code="d">1937-</subfield>
            <subfield code="e">guionista</subfield>
            <subfield code="4">aus</subfield>
            <subfield code="4">aus</subfield>
            <subfield code="1">http://viaf.org/viaf/101362857</subfield>
        </datafield>
        <datafield tag="700" ind1="1" ind2=" ">
            <subfield code="a">Williams, John</subfield>
            <subfield code="d">1932-</subfield>
            <subfield code="e">compositor</subfield>
            <subfield code="4">cmp</subfield>
            <subfield code="1">http://www.wikidata.org/entity/Q131285</subfield>
        </datafield>
        <datafield tag="758" ind1=" " ind2=" ">
            <subfield code="a">Empire of the sun</subfield>
            <subfield code="1">http://viaf.org/viaf/180997771</subfield>
            <subfield code="4">http://rdaregistry.info/Elements/w/object/P10129</subfield>
        </datafield>
        <datafield tag="776" ind1="0" ind2=" ">
            <subfield code="t">El imperio del Sol</subfield>
            <subfield code="h">Grabación sonora</subfield>
            <subfield code="w">biso0000772518</subfield>
        </datafield>
    </record>