
    <record>
        <leader>02890ngm a2200505   4500</leader>
        <controlfield tag="001">a5223298</controlfield>
        <controlfield tag="003">SpMaBN</controlfield>
        <controlfield tag="005">20180119192503.6</controlfield>
        <controlfield tag="007">vd*cvaizs</controlfield>
        <controlfield tag="008">120618s2012    sp 104 e         1vlmul  </controlfield>
        <datafield tag="017" ind1=" " ind2=" ">
            <subfield code="a">B 6955-2012</subfield>
            <subfield code="b">Oficina Depósito Legal Barcelona</subfield>
        </datafield>
        <datafield tag="028" ind1="4" ind2="0">
            <subfield code="a">D3128</subfield>
            <subfield code="b">Vértice</subfield>
        </datafield>
        <datafield tag="041" ind1="1" ind2=" ">
            <subfield code="a">spa</subfield>
            <subfield code="a">eng</subfield>
            <subfield code="b">spa</subfield>
            <subfield code="h">eng</subfield>
        </datafield>
        <datafield tag="130" ind1="1" ind2="0">
            <subfield code="a">Crash</subfield>
            <subfield code="1">http://www.wikidata.org/entity/Q188000</subfield>
        </datafield>
        <datafield tag="245" ind1="1" ind2="0">
            <subfield code="a">Crash</subfield>
            <subfield code="c">escrita y dirigida por David Cronenberg ; productores ejecutivos, Robert Lantos y Jeremy Thomas ; música, Howard Shore ; fotografía, Peter Suschitzky</subfield>
        </datafield>
        <datafield tag="260" ind1=" " ind2=" ">
            <subfield code="a">Barcelona</subfield>
            <subfield code="b">Vértice Cine</subfield>
            <subfield code="c">D.L. 2012</subfield>
        </datafield>
        <datafield tag="300" ind1=" " ind2=" ">
            <subfield code="a">1 DVD-Vídeo (circa 104 min)</subfield>
            <subfield code="b">son., color.</subfield>
        </datafield>
        <datafield tag="336" ind1=" " ind2=" ">
            <subfield code="a">Imagen (en movimiento ; bidimensional)</subfield>
            <subfield code="2">isbdcontent</subfield>
            <subfield code="0">http://rdaregistry.info/termList/RDAContentType/1023</subfield>
        </datafield>
        <datafield tag="337" ind1=" " ind2=" ">
            <subfield code="a">vídeo</subfield>
            <subfield code="2">isbdmedia</subfield>
            <subfield code="0">http://rdaregistry.info/termList/RDAMediaType/1008</subfield>
        </datafield>
        <datafield tag="336" ind1=" " ind2=" ">
            <subfield code="a">todimensjonalt levende bilde</subfield>
            <subfield code="2">rdacontent</subfield>
            <subfield code="0">http://rdaregistry.info/termList/RDAContentType/1023</subfield>
        </datafield>
        <datafield tag="337" ind1=" " ind2=" ">
            <subfield code="a">video</subfield>
            <subfield code="2">rdamedia</subfield>
            <subfield code="0">http://rdaregistry.info/termList/RDAMediaType/1008</subfield>
        </datafield>
        <datafield tag="338" ind1=" " ind2=" ">
            <subfield code="a">videplate</subfield>
            <subfield code="2">rdacarrier</subfield>
            <subfield code="0">http://rdaregistry.info/termList/RDACarrierType/1060</subfield>
        </datafield>
        <datafield tag="344" ind1=" " ind2=" ">
            <subfield code="a">digital</subfield>
            <subfield code="b">video</subfield>
            <subfield code="g">stereo</subfield>
            <subfield code="2">rda</subfield>
        </datafield>
        <datafield tag="345" ind1=" " ind2=" ">
            <subfield code="a">videodisc</subfield>
        </datafield>
        <datafield tag="346" ind1=" " ind2=" ">
            <subfield code="a">DVD</subfield>
        </datafield>
        <datafield tag="347" ind1=" " ind2=" ">
            <subfield code="a">video file</subfield>
            <subfield code="b">DVD</subfield>
            <subfield code="2">rda</subfield>
        </datafield>
        <datafield tag="380" ind1=" " ind2=" ">
            <subfield code="a">filmverk</subfield>
            <subfield code="0">https://schema.nb.no/Bibliographic/Values/V1002</subfield>
        </datafield>
        <datafield tag="500" ind1=" " ind2=" ">
            <subfield code="a">Basada en una novela J.G. Ballard</subfield>
        </datafield>
        <datafield tag="511" ind1="1" ind2=" ">
            <subfield code="a">James Spader, Holly Hunter, Elias Koteas</subfield>
        </datafield>
        <datafield tag="518" ind1=" " ind2=" ">
            <subfield code="a">Largometraje realizado en 1996, coproducido por Canadá y Reino Unido</subfield>
        </datafield>
        <datafield tag="520" ind1="3" ind2=" ">
            <subfield code="a">Una noche, James Ballard estrella su coche contra el de Helen y ambos son ingresados en un hospital. Lo sorprendente es que inmediatamente después del choque los dos experimentaron una extraña atracción mutua. A partir de entonces, la vida de James se precipitará hacia un mundo oscuro y prohibido, dominado por el peligro, el sexo y la muerte</subfield>
        </datafield>
        <datafield tag="521" ind1=" " ind2=" ">
            <subfield code="a">No recomendada a menores de 18 años</subfield>
        </datafield>
        <datafield tag="546" ind1=" " ind2=" ">
            <subfield code="a">Versiones en español e inglés, con subtítulos opcionales en español</subfield>
        </datafield>
        <datafield tag="700" ind1="1" ind2=" ">
            <subfield code="a">Cronenberg, David</subfield>
            <subfield code="d">1943-</subfield>
            <subfield code="4">fmd</subfield>
            <subfield code="4">pro</subfield>
            <subfield code="4">aus</subfield>
            <subfield code="1">http://viaf.org/viaf/97752099</subfield>
        </datafield>
        <datafield tag="700" ind1="1" ind2=" ">
            <subfield code="a">Hunter, Holly</subfield>
            <subfield code="d">1958-</subfield>
            <subfield code="4">act</subfield>
            <subfield code="1">http://viaf.org/viaf/34649834</subfield>
        </datafield>
        <datafield tag="700" ind1="1" ind2=" ">
            <subfield code="a">Koteas, Elias</subfield>
            <subfield code="d">1961-</subfield>
            <subfield code="4">act</subfield>
            <subfield code="1">http://viaf.org/viaf/44498574</subfield>
        </datafield>
        <datafield tag="700" ind1="1" ind2=" ">
            <subfield code="a">Lantos, Robert</subfield>
            <subfield code="d">1949-</subfield>
            <subfield code="4">pro</subfield>
            <subfield code="1">http://viaf.org/viaf/304130472</subfield>
        </datafield>
        <datafield tag="700" ind1="1" ind2=" ">
            <subfield code="a">Shore, Howard</subfield>
            <subfield code="d">1946-</subfield>
            <subfield code="4">cmp</subfield>
            <subfield code="1">http://viaf.org/viaf/19869016</subfield>
        </datafield>
        <datafield tag="700" ind1="1" ind2=" ">
            <subfield code="a">Spader, James</subfield>
            <subfield code="d">1960-</subfield>
            <subfield code="4">act</subfield>
            <subfield code="1">http://viaf.org/viaf/85111802</subfield>
        </datafield>
        <datafield tag="700" ind1="1" ind2=" ">
            <subfield code="a">Suschitzky, Peter</subfield>
            <subfield code="d">1941-</subfield>
            <subfield code="4">cng</subfield>
            <subfield code="1">http://viaf.org/viaf/69124815</subfield>
        </datafield>
        <datafield tag="700" ind1="1" ind2=" ">
            <subfield code="a">Thomas, Jeremy</subfield>
            <subfield code="d">1949-</subfield>
            <subfield code="4">pro</subfield>
            <subfield code="1">http://viaf.org/viaf/304130472</subfield>
        </datafield>
        <datafield tag="700" ind1="1" ind2=" ">
            <subfield code="a">Ballard, J. G.</subfield>
            <subfield code="d">1930-2009</subfield>
            <subfield code="t">Crash</subfield>
            <subfield code="1">http://viaf.org/viaf/305922109</subfield>
            <subfield code="4">http://rdaregistry.info/Elements/w/object/P10129</subfield>
        </datafield>
    </record>