
    <record>
        <leader>02884ngm a2200553   4500</leader>
        <controlfield tag="001">bivi0000019854</controlfield>
        <controlfield tag="003">SpMaBN</controlfield>
        <controlfield tag="005">20210929030145.4</controlfield>
        <controlfield tag="007">vf*caahos</controlfield>
        <controlfield tag="008">060228s1989    sp 147 g          1 spa  </controlfield>
        <datafield tag="016" ind1="7" ind2=" ">
            <subfield code="a">biviBNE20060043131</subfield>
            <subfield code="2">SpMaBN</subfield>
        </datafield>
        <datafield tag="017" ind1=" " ind2=" ">
            <subfield code="a">M 5167-1989</subfield>
            <subfield code="b">Oficina Depósito Legal Madrid</subfield>
        </datafield>
        <datafield tag="028" ind1="4" ind2="0">
            <subfield code="a">PHX 11735</subfield>
            <subfield code="b">Warner Home Video</subfield>
        </datafield>
        <datafield tag="041" ind1="1" ind2=" ">
            <subfield code="a">spa</subfield>
            <subfield code="d">eng</subfield>
        </datafield>
        <datafield tag="130" ind1="1" ind2="0">
            <subfield code="a">Empire of the sun</subfield>
            <subfield code="1">http://viaf.org/viaf/293611582</subfield>
        </datafield>
        <datafield tag="245" ind1="1" ind2="3">
            <subfield code="a">El imperio del Sol</subfield>
            <subfield code="h">[Videograbación] =</subfield>
            <subfield code="b">Empire of the Sun</subfield>
            <subfield code="c">directed by Steven Spielberg; director of photography, Allen Daviau ; music, John Williams; screenplay by Tom Stoppard; produced by Steven Spielberg, Kathleen Kennedy, Frank Marshall</subfield>
        </datafield>
        <datafield tag="260" ind1=" " ind2=" ">
            <subfield code="a">[Madrid]</subfield>
            <subfield code="b">distribuida por Warner Home Video</subfield>
            <subfield code="c">D.L. 1989</subfield>
        </datafield>
        <datafield tag="300" ind1=" " ind2=" ">
            <subfield code="a">1 videocasete (Beta) (147 min)</subfield>
            <subfield code="b">son., color.</subfield>
        </datafield>
        <datafield tag="336" ind1=" " ind2=" ">
            <subfield code="a">todimensjonalt levende bilde</subfield>
            <subfield code="2">rdacontent</subfield>
            <subfield code="0">http://rdaregistry.info/termList/RDAContentType/1023</subfield>
        </datafield>
        <datafield tag="337" ind1=" " ind2=" ">
            <subfield code="a">video</subfield>
            <subfield code="2">rdamedia</subfield>
            <subfield code="0">http://rdaregistry.info/termList/RDAMediaType/1008</subfield>
        </datafield>
        <datafield tag="338" ind1=" " ind2=" ">
            <subfield code="a">videokassett</subfield>
            <subfield code="2">rdacarrier</subfield>
            <subfield code="0">http://rdaregistry.info/termList/RDACarrierType/1052</subfield>
        </datafield>
        <datafield tag="344" ind1=" " ind2=" ">
            <subfield code="a">digital</subfield>
            <subfield code="b">video</subfield>
            <subfield code="g">stereo</subfield>
            <subfield code="2">rda</subfield>
        </datafield>
        <datafield tag="345" ind1=" " ind2=" ">
            <subfield code="a">videocassette</subfield>
        </datafield>
        <datafield tag="346" ind1=" " ind2=" ">
            <subfield code="a">Beta</subfield>
        </datafield>
        <datafield tag="380" ind1=" " ind2=" ">
            <subfield code="a">filmverk</subfield>
            <subfield code="0">https://schema.nb.no/Bibliographic/Values/V1002</subfield>
        </datafield>
        <datafield tag="500" ind1=" " ind2=" ">
            <subfield code="a">Basada en la novela de J.G. Ballard</subfield>
        </datafield>
        <datafield tag="511" ind1="1" ind2=" ">
            <subfield code="a">John Malkovich, Miranda Richardson, Nigel Havers</subfield>
        </datafield>
        <datafield tag="518" ind1=" " ind2=" ">
            <subfield code="a">Realizada en 1987 en Estados Unidos</subfield>
        </datafield>
        <datafield tag="520" ind1="3" ind2=" ">
            <subfield code="a">Jim es un niño inglés de familia acomodada que se pierde de sus padres cuando las tropas japonesas entran en Shanghai. Pocos días después es capturado y enviado a un campo de concentración donde vivirá casi cuatro años</subfield>
        </datafield>
        <datafield tag="521" ind1=" " ind2=" ">
            <subfield code="a">Todos los públicos</subfield>
        </datafield>
        <datafield tag="530" ind1=" " ind2=" ">
            <subfield code="a">Disponible también en formato VHS</subfield>
        </datafield>
        <datafield tag="546" ind1=" " ind2=" ">
            <subfield code="a">Doblada en español</subfield>
        </datafield>
        <datafield tag="597" ind1=" " ind2=" ">
            <subfield code="a">Sistema de grabación del color PAL</subfield>
        </datafield>
        <datafield tag="758" ind1=" " ind2=" ">
            <subfield code="a">Empire of the sun</subfield>
            <subfield code="1">http://viaf.org/viaf/180997771</subfield>
            <subfield code="4">http://rdaregistry.info/Elements/w/object/P10129</subfield>
        </datafield>
        <datafield tag="700" ind1="1" ind2=" ">
            <subfield code="a">Daviau, Allen</subfield>
            <subfield code="d">1942-2020</subfield>
            <subfield code="4">cng</subfield>
            <subfield code="1">http://viaf.org/viaf/17428858</subfield>
        </datafield>
        <datafield tag="700" ind1="1" ind2=" ">
            <subfield code="a">Havers, Nigel</subfield>
            <subfield code="d">1949-</subfield>
            <subfield code="4">act</subfield>
            <subfield code="1">http://viaf.org/viaf/56811607</subfield>
        </datafield>
        <datafield tag="700" ind1="1" ind2=" ">
            <subfield code="a">Kennedy, Kathleen</subfield>
            <subfield code="d">1953-</subfield>
            <subfield code="4">pro</subfield>
            <subfield code="1">http://viaf.org/viaf/305233626</subfield>
        </datafield>
        <datafield tag="700" ind1="1" ind2=" ">
            <subfield code="a">Malkovich, John</subfield>
            <subfield code="d">1953-</subfield>
            <subfield code="4">act</subfield>
            <subfield code="1">http://viaf.org/viaf/85398839</subfield>
        </datafield>
        <datafield tag="700" ind1="1" ind2=" ">
            <subfield code="a">Marshall, Frank</subfield>
            <subfield code="d">1946-</subfield>
            <subfield code="4">pro</subfield>
            <subfield code="1">http://viaf.org/viaf/79417930</subfield>
        </datafield>
        <datafield tag="700" ind1="1" ind2=" ">
            <subfield code="a">Richardson, Miranda</subfield>
            <subfield code="d">1958-</subfield>
            <subfield code="4">act</subfield>
            <subfield code="1">http://viaf.org/viaf/7587211</subfield>
        </datafield>
        <datafield tag="700" ind1="1" ind2=" ">
            <subfield code="a">Spielberg, Steven</subfield>
            <subfield code="d">1946-</subfield>
            <subfield code="4">drt</subfield>
            <subfield code="4">pro</subfield>
            <subfield code="1">http://viaf.org/viaf/111553324</subfield>
        </datafield>
        <datafield tag="700" ind1="1" ind2=" ">
            <subfield code="a">Stoppard, Tom</subfield>
            <subfield code="d">1937-</subfield>
            <subfield code="4">aus</subfield>
            <subfield code="1">http://viaf.org/viaf/101362857</subfield>
        </datafield>
        <datafield tag="700" ind1="1" ind2=" ">
            <subfield code="a">Williams, John</subfield>
            <subfield code="d">1932-</subfield>
            <subfield code="4">cmp</subfield>
            <subfield code="1">http://www.wikidata.org/entity/Q131285</subfield>
        </datafield>
        <datafield tag="776" ind1="0" ind2=" ">
            <subfield code="a">bivi0000005423</subfield>
            <subfield code="t">El imperio del Sol</subfield>
        </datafield>
    </record>