
    <record>
        <leader>01147nam a22002291  4500</leader>
        <controlfield tag="001">bimo0000762758</controlfield>
        <controlfield tag="003">SpMaBN</controlfield>
        <controlfield tag="005">20201231005254.5</controlfield>
        <controlfield tag="008">900725s1974    fr                  fre  </controlfield>
        <datafield tag="016" ind1="7" ind2=" ">
            <subfield code="a">bimoBNE19972461058</subfield>
            <subfield code="z">IND9100214473</subfield>
            <subfield code="2">SpMaBN</subfield>
        </datafield>
        <datafield tag="080" ind1=" " ind2=" ">
            <subfield code="a">75 Dalí, Salvador(084)</subfield>
        </datafield>
        <datafield tag="100" ind1="1" ind2=" ">
            <subfield code="a">Dalí, Salvador</subfield>
            <subfield code="d">1904-1989</subfield>
            <subfield code="0">XX895429</subfield>
            <subfield code="1">http://viaf.org/viaf/64004109</subfield>
            <subfield code="4">http://rdaregistry.info/Elements/w/object/P10058</subfield>
        </datafield>
        <datafield tag="240" ind1=" " ind2=" ">
            <subfield code="a">Dalí</subfield>
            <subfield code="1">http://viaf.org/viaf/316306426</subfield>
        </datafield>
        <datafield tag="245" ind1="1" ind2="0">
            <subfield code="a">Dalí</subfield>
            <subfield code="h">[Texto impreso]</subfield>
            <subfield code="c">Avec une introduction de J.G. Ballard... conçu et présenté par David Larkin</subfield>
        </datafield>
        <datafield tag="260" ind1=" " ind2=" ">
            <subfield code="a">[Paris]</subfield>
            <subfield code="b">Chêne</subfield>
            <subfield code="c">[1974]</subfield>
        </datafield>
        <datafield tag="300" ind1=" " ind2=" ">
            <subfield code="a">7 h., 40 lám. color</subfield>
            <subfield code="c">30 cm</subfield>
        </datafield>
        <datafield tag="336" ind1=" " ind2=" ">
            <subfield code="a">text</subfield>
            <subfield code="b">txt</subfield>
            <subfield code="2">rdacontent</subfield>
            <subfield code="0">http://rdaregistry.info/termList/RDAContentType/1020</subfield>
        </datafield>
        <datafield tag="337" ind1=" " ind2=" ">
            <subfield code="a">unmediated</subfield>
            <subfield code="b">n</subfield>
            <subfield code="2">rdamedia</subfield>
            <subfield code="0">http://rdaregistry.info/termList/RDAMediaType/1007</subfield>
        </datafield>
        <datafield tag="338" ind1=" " ind2=" ">
            <subfield code="a">volume</subfield>
            <subfield code="b">nc</subfield>
            <subfield code="2">rdacarrier</subfield>
            <subfield code="0">http://rdaregistry.info/termList/RDACarrierType/1049</subfield>
        </datafield>
        <datafield tag="700" ind1="1" ind2=" ">
            <subfield code="a">Ballard, J. G.</subfield>
            <subfield code="d">1930-2009</subfield>
            <subfield code="4">aui</subfield>
            <subfield code="1">http://viaf.org/viaf/9842556</subfield>
        </datafield>
        <datafield tag="700" ind1="1" ind2=" ">
            <subfield code="a">Larkin, David</subfield>
            <subfield code="1">http://viaf.org/viaf/277669549</subfield>
            <subfield code="4">edt</subfield>
            <subfield code="4">http://rdaregistry.info/Elements/m/object/P30267</subfield>
        </datafield>
    </record>