
    <record>
        <leader>03139ngm a2200529 a 4500</leader>
        <controlfield tag="001">015626701</controlfield>
        <controlfield tag="003">UkOxU</controlfield>
        <controlfield tag="005">20060406162538.0</controlfield>
        <controlfield tag="007">vd cvaizq</controlfield>
        <controlfield tag="008">040111p19991996enk096 e      s   vleng d</controlfield>
        <datafield tag="028" ind1="4" ind2="2">
            <subfield code="a">CDR25095</subfield>
            <subfield code="b">Columbia Tristar Home Video</subfield>
        </datafield>
        <datafield tag="130" ind1="1" ind2="0">
            <subfield code="a">Crash</subfield>
            <subfield code="1">http://www.wikidata.org/entity/Q188000</subfield>
        </datafield>
        <datafield tag="245" ind1="0" ind2="0">
            <subfield code="a">Crash</subfield>
            <subfield code="h">[videorecording] /</subfield>
            <subfield code="c">written by David Cronenberg ; based on the book by J.G. Ballard ; produced and directed by David Cronenberg.</subfield>
        </datafield>
        <datafield tag="260" ind1=" " ind2=" ">
            <subfield code="a">London :</subfield>
            <subfield code="b">Columbia Tristar Home Video,</subfield>
            <subfield code="c">c1999.</subfield>
        </datafield>
        <datafield tag="300" ind1=" " ind2=" ">
            <subfield code="a">1 DVD (96 min.) :</subfield>
            <subfield code="b">sound, color ;</subfield>
            <subfield code="c">4 3/4 in.</subfield>
        </datafield>
        <datafield tag="336" ind1=" " ind2=" ">
            <subfield code="a">two-dimensional moving image</subfield>
            <subfield code="b">tdi</subfield>
            <subfield code="2">rdacontent</subfield>
            <subfield code="0">http://rdaregistry.info/termList/RDAContentType/1023</subfield>
        </datafield>
        <datafield tag="337" ind1=" " ind2=" ">
            <subfield code="a">video</subfield>
            <subfield code="b">v</subfield>
            <subfield code="2">rdamedia</subfield>
            <subfield code="0">http://rdaregistry.info/termList/RDAMediaType/1008</subfield>
        </datafield>
        <datafield tag="338" ind1=" " ind2=" ">
            <subfield code="a">videodisc</subfield>
            <subfield code="b">vd</subfield>
            <subfield code="2">rdacarrier</subfield>
            <subfield code="0">http://rdaregistry.info/termList/RDACarrierType/1060</subfield>
        </datafield>
        <datafield tag="344" ind1=" " ind2=" ">
            <subfield code="a">digital</subfield>
            <subfield code="b">video</subfield>
            <subfield code="g">surround</subfield>
            <subfield code="2">rda</subfield>
        </datafield>
        <datafield tag="345" ind1=" " ind2=" ">
            <subfield code="a">videodisc</subfield>
        </datafield>
        <datafield tag="346" ind1=" " ind2=" ">
            <subfield code="a">DVD</subfield>
        </datafield>
        <datafield tag="347" ind1=" " ind2=" ">
            <subfield code="a">video file</subfield>
            <subfield code="b">DVD</subfield>
            <subfield code="2">rda</subfield>
        </datafield>
        <datafield tag="380" ind1=" " ind2=" ">
            <subfield code="a">Videorecording</subfield>
        </datafield>
        <datafield tag="500" ind1=" " ind2=" ">
            <subfield code="a">Anamorphic widescreen, aspect ratio 1.85:1.</subfield>
        </datafield>
        <datafield tag="500" ind1=" " ind2=" ">
            <subfield code="a">Dolby Digital 2.0 Surround.</subfield>
        </datafield>
        <datafield tag="500" ind1=" " ind2=" ">
            <subfield code="a">DVD video release of the film produced in 1996.</subfield>
        </datafield>
        <datafield tag="500" ind1=" " ind2=" ">
            <subfield code="a">Optional language soundtrack (in Dolby Digital 5.1): Spanish.</subfield>
        </datafield>
        <datafield tag="500" ind1=" " ind2=" ">
            <subfield code="a">Optional subtitles: English, Spanish.</subfield>
        </datafield>
        <datafield tag="500" ind1=" " ind2=" ">
            <subfield code="a">Special features: Theatrical trailer.</subfield>
        </datafield>
        <datafield tag="508" ind1=" " ind2=" ">
            <subfield code="a">Credits: Music, Howard Shore ; director of photography, Peter Suschitzky ; production designer, Carol Spier ; editor, Ronald Sanders ; costume designer, Denise Cronenberg.</subfield>
        </datafield>
        <datafield tag="511" ind1="0" ind2=" ">
            <subfield code="a">Cast: James Spader, Holly Hunter, Elias Koteas, Deborah Kara Unger, Rosanna Arquette, Peter MacNeill, Yolande Julian, Cheryl Swarts.</subfield>
        </datafield>
        <datafield tag="520" ind1=" " ind2=" ">
            <subfield code="a">Advertising executive James Ballard and his wife Catherine lead complex, if hollow sexual lives. However, after being involved in a near fatal car crash with Dr Helen Remington, Ballard finds himself being drawn into a provocative exploration of the connections between danger, sex and death - and, as his involvement deepens, Ballard and Catherine discover new and increasingly disturbing ways of expressing love.</subfield>
        </datafield>
        <datafield tag="521" ind1=" " ind2=" ">
            <subfield code="a">UK Cert. 18.</subfield>
        </datafield>
        <datafield tag="538" ind1=" " ind2=" ">
            <subfield code="a">PAL Region 2.</subfield>
        </datafield>
        <datafield tag="700" ind1="1" ind2=" ">
            <subfield code="a">Arquette, Rosanna</subfield>
            <subfield code="d">1959-</subfield>
            <subfield code="1">http://viaf.org/viaf/32190722</subfield>
            <subfield code="4">act</subfield>
        </datafield>
        <datafield tag="700" ind1="1" ind2=" ">
            <subfield code="a">Cronenberg, David</subfield>
            <subfield code="d">1943-</subfield>
            <subfield code="4">fmd</subfield>
            <subfield code="4">pro</subfield>
            <subfield code="4">aus</subfield>
            <subfield code="1">http://viaf.org/viaf/97752099</subfield>
        </datafield>
        <datafield tag="700" ind1="1" ind2=" ">
            <subfield code="a">Hunter, Holly</subfield>
            <subfield code="d">1958-</subfield>
            <subfield code="4">act</subfield>
            <subfield code="1">http://viaf.org/viaf/34649834</subfield>
        </datafield>
        <datafield tag="700" ind1="1" ind2=" ">
            <subfield code="a">Julian, Yolande</subfield>
            <subfield code="4">act</subfield>
            <subfield code="1">https://www.imdb.com/name/nm0432223/</subfield>
        </datafield>
        <datafield tag="700" ind1="1" ind2=" ">
            <subfield code="a">Koteas, Elias</subfield>
            <subfield code="d">1961-</subfield>
            <subfield code="4">act</subfield>
            <subfield code="1">http://viaf.org/viaf/44498574</subfield>
        </datafield>
        <datafield tag="700" ind1="1" ind2=" ">
            <subfield code="a">MacNeill, Peter</subfield>
            <subfield code="4">act</subfield>
            <subfield code="1">http://viaf.org/viaf/311670617</subfield>
        </datafield>
        <datafield tag="700" ind1="1" ind2=" ">
            <subfield code="a">Shore, Howard</subfield>
            <subfield code="4">cmp</subfield>
            <subfield code="1">http://viaf.org/viaf/19869016</subfield>
        </datafield>
        <datafield tag="700" ind1="1" ind2=" ">
            <subfield code="a">Spader, James</subfield>
            <subfield code="4">act</subfield>
            <subfield code="1">http://viaf.org/viaf/85111802</subfield>
        </datafield>
        <datafield tag="700" ind1="1" ind2=" ">
            <subfield code="a">Suschitzky, Peter</subfield>
            <subfield code="4">cng</subfield>
            <subfield code="1">http://viaf.org/viaf/69124815</subfield>
        </datafield>
        <datafield tag="700" ind1="1" ind2=" ">
            <subfield code="a">Swarts, Cheryl</subfield>
            <subfield code="4">act</subfield>
            <subfield code="1">https://www.imdb.com/name/nm0841940/</subfield>
        </datafield>
        <datafield tag="700" ind1="1" ind2=" ">
            <subfield code="a">Unger, Deborah Kara</subfield>
            <subfield code="4">act</subfield>
            <subfield code="1">http://viaf.org/viaf/85650582</subfield>
        </datafield>
        <datafield tag="758" ind1=" " ind2=" ">
            <subfield code="a">Crash</subfield>
            <subfield code="1">http://viaf.org/viaf/305922109</subfield>
            <subfield code="4">http://rdaregistry.info/Elements/w/object/P10129</subfield>
        </datafield>
    </record>