
    <record>
        <leader>03347ngm a2200553 a 4500</leader>
        <controlfield tag="001">016167012</controlfield>
        <controlfield tag="003">UkOxU</controlfield>
        <controlfield tag="005">20070214100417.0</controlfield>
        <controlfield tag="007">vd cvaizu</controlfield>
        <controlfield tag="008">041125p20061987enk147 g          vleng d</controlfield>
        <datafield tag="028" ind1="4" ind2="2">
            <subfield code="a">Z173737</subfield>
            <subfield code="b">Warner Home Video</subfield>
        </datafield>
        <datafield tag="130" ind1="1" ind2="0">
            <subfield code="a">Empire of the sun</subfield>
            <subfield code="1">http://viaf.org/viaf/293611582</subfield>
        </datafield>
        <datafield tag="245" ind1="0" ind2="0">
            <subfield code="a">Empire of the sun</subfield>
            <subfield code="h">[videorecording] /</subfield>
            <subfield code="c">screenplay by Tom Stoppard ; based on the novel by J.G. Ballard ; produced by Steven Spielberg, Kathleen Kennedy, Frank Marshall ; directed by Steven Spielberg.</subfield>
        </datafield>
        <datafield tag="260" ind1=" " ind2=" ">
            <subfield code="a">[London?] :</subfield>
            <subfield code="b">Warner Home Video,</subfield>
            <subfield code="c">c2006.</subfield>
        </datafield>
        <datafield tag="300" ind1=" " ind2=" ">
            <subfield code="a">2 DVDs (147 min.) :</subfield>
            <subfield code="b">sound, color ;</subfield>
            <subfield code="c">4 3/4 in.</subfield>
        </datafield>
        <datafield tag="336" ind1=" " ind2=" ">
            <subfield code="a">todimensjonalt levende bilde</subfield>
            <subfield code="2">rdacontent</subfield>
            <subfield code="0">http://rdaregistry.info/termList/RDAContentType/1023</subfield>
        </datafield>
        <datafield tag="337" ind1=" " ind2=" ">
            <subfield code="a">video</subfield>
            <subfield code="2">rdamedia</subfield>
            <subfield code="0">http://rdaregistry.info/termList/RDAMediaType/1008</subfield>
        </datafield>
        <datafield tag="338" ind1=" " ind2=" ">
            <subfield code="a">videoplate</subfield>
            <subfield code="2">rdacarrier</subfield>
            <subfield code="0">http://rdaregistry.info/termList/RDACarrierType/1060</subfield>
        </datafield>
        <datafield tag="344" ind1=" " ind2=" ">
            <subfield code="a">digital</subfield>
            <subfield code="b">video</subfield>
            <subfield code="2">rda</subfield>
        </datafield>
        <datafield tag="345" ind1=" " ind2=" ">
            <subfield code="a">videodisc</subfield>
        </datafield>
        <datafield tag="346" ind1=" " ind2=" ">
            <subfield code="a">DVD</subfield>
        </datafield>
        <datafield tag="347" ind1=" " ind2=" ">
            <subfield code="a">video file</subfield>
            <subfield code="b">DVD</subfield>
            <subfield code="2">rda</subfield>
        </datafield>
        <datafield tag="380" ind1=" " ind2=" ">
            <subfield code="a">filmverk</subfield>
            <subfield code="0">https://schema.nb.no/Bibliographic/Values/V1002</subfield>
        </datafield>
        <datafield tag="500" ind1=" " ind2=" ">
            <subfield code="a">5.1 Dolby Digital ; 2.0 Dolby Surround.</subfield>
        </datafield>
        <datafield tag="500" ind1=" " ind2=" ">
            <subfield code="a">A DVD release of the film produced in 1987.</subfield>
        </datafield>
        <datafield tag="500" ind1=" " ind2=" ">
            <subfield code="a">Special features: Documentary "The China Odyssey" ; trailer.</subfield>
        </datafield>
        <datafield tag="508" ind1=" " ind2=" ">
            <subfield code="a">Credits: Music, John Williams ; director of photography, Allen Daviau ; film editor, Michael Kahn ; production designer, Norman Reynolds ; costume designer, Bob Ringwood.</subfield>
        </datafield>
        <datafield tag="511" ind1="0" ind2=" ">
            <subfield code="a">Cast: John Malkovich, Miranda Richardson, Nigel Havers, Christian Bale, Joe Pantoliano, Leslie Phillips, Masato Ibu, Emily Richard, Rupert Frazer, Peter Gale.</subfield>
        </datafield>
        <datafield tag="520" ind1=" " ind2=" ">
            <subfield code="a">Following the attack on Pearl Harbor, young Jim Graham is sent to a Japanese concentration camp. In desperately brutal conditions he struggles to prevent his family and friends from dying, while keeping his hopes and heroic dreams alive. A powerful epic, drawn from the childhood experiences of author J.G. Ballard.</subfield>
        </datafield>
        <datafield tag="521" ind1=" " ind2=" ">
            <subfield code="a">UK cert. PG.</subfield>
        </datafield>
        <datafield tag="538" ind1=" " ind2=" ">
            <subfield code="a">DVD region 2.</subfield>
        </datafield>
        <datafield tag="700" ind1="1" ind2=" ">
            <subfield code="a">Bale, Christian</subfield>
            <subfield code="d">1974-</subfield>
            <subfield code="4">act</subfield>
            <subfield code="1">http://viaf.org/viaf/116979537</subfield>
        </datafield>
        <datafield tag="700" ind1="1" ind2=" ">
            <subfield code="a">Daviau, Allen</subfield>
            <subfield code="4">cng</subfield>
            <subfield code="1">http://viaf.org/viaf/17428858</subfield>
        </datafield>
        <datafield tag="700" ind1="1" ind2=" ">
            <subfield code="a">Havers, Nigel</subfield>
            <subfield code="d">1949-</subfield>
            <subfield code="4">act</subfield>
            <subfield code="1">http://viaf.org/viaf/56811607</subfield>
        </datafield>
        <datafield tag="700" ind1="1" ind2=" ">
            <subfield code="a">Ibu, Masatō</subfield>
            <subfield code="4">act</subfield>
            <subfield code="1">https://www.imdb.com/name/nm0406592/</subfield>
        </datafield>
        <datafield tag="700" ind1="1" ind2=" ">
            <subfield code="a">Kennedy, Kathleen</subfield>
            <subfield code="d">1954-</subfield>
            <subfield code="4">pro</subfield>
            <subfield code="1">http://viaf.org/viaf/305233626</subfield>
        </datafield>
        <datafield tag="700" ind1="1" ind2=" ">
            <subfield code="a">Malkovich, John</subfield>
            <subfield code="4">act</subfield>
            <subfield code="1">http://viaf.org/viaf/85398839</subfield>
        </datafield>
        <datafield tag="700" ind1="1" ind2=" ">
            <subfield code="a">Marshall, Frank</subfield>
            <subfield code="4">pro</subfield>
            <subfield code="1">http://viaf.org/viaf/79417930</subfield>
        </datafield>
        <datafield tag="700" ind1="1" ind2=" ">
            <subfield code="a">Pantoliano, Joe</subfield>
            <subfield code="4">act</subfield>
            <subfield code="1">https://www.imdb.com/name/nm0001592/</subfield>
        </datafield>
        <datafield tag="700" ind1="1" ind2=" ">
            <subfield code="a">Phillips, Leslie</subfield>
            <subfield code="d">1924-</subfield>
            <subfield code="4">act</subfield>
            <subfield code="1">https://www.imdb.com/name/nm0680587/</subfield>
        </datafield>
        <datafield tag="700" ind1="1" ind2=" ">
            <subfield code="a">Richard, Emily</subfield>
            <subfield code="4">act</subfield>
            <subfield code="1">https://www.imdb.com/name/nm0723791/</subfield>
        </datafield>
        <datafield tag="700" ind1="1" ind2=" ">
            <subfield code="a">Richardson, Miranda</subfield>
            <subfield code="4">act</subfield>
            <subfield code="1">http://viaf.org/viaf/7587211</subfield>
        </datafield>
        <datafield tag="700" ind1="1" ind2=" ">
            <subfield code="a">Spielberg, Steven</subfield>
            <subfield code="d">1946-</subfield>
            <subfield code="4">drt</subfield>
            <subfield code="4">pro</subfield>
            <subfield code="1">http://viaf.org/viaf/111553324</subfield>
        </datafield>
        <datafield tag="700" ind1="1" ind2=" ">
            <subfield code="a">Stoppard, Tom</subfield>
            <subfield code="4">aus</subfield>
            <subfield code="1">http://viaf.org/viaf/101362857</subfield>
        </datafield>
        <datafield tag="700" ind1="1" ind2=" ">
            <subfield code="a">Williams, John</subfield>
            <subfield code="d">1932-</subfield>
            <subfield code="4">cmp</subfield>
            <subfield code="1">http://www.wikidata.org/entity/Q131285</subfield>
        </datafield>
        <datafield tag="758" ind1=" " ind2=" ">
            <subfield code="a">Empire of the sun</subfield>
            <subfield code="1">http://viaf.org/viaf/180997771</subfield>
            <subfield code="4">http://rdaregistry.info/Elements/w/object/P10129</subfield>
        </datafield>
    </record>