
    <record>
        <leader>02212ngm a22004457a 4500</leader>
        <controlfield tag="001">019682030</controlfield>
        <controlfield tag="003">UkOxU</controlfield>
        <controlfield tag="005">20150121163952.0</controlfield>
        <controlfield tag="007">vd cvaizu</controlfield>
        <controlfield tag="008">140328p20121987xxk147        q   vleng d</controlfield>
        <datafield tag="041" ind1="1" ind2=" ">
            <subfield code="a">eng</subfield>
            <subfield code="a">fre</subfield>
            <subfield code="a">ita</subfield>
            <subfield code="j">eng</subfield>
            <subfield code="j">ara</subfield>
            <subfield code="j">dut</subfield>
            <subfield code="j">fre</subfield>
            <subfield code="j">ice</subfield>
            <subfield code="j">ita</subfield>
        </datafield>
        <datafield tag="130" ind1="1" ind2="0">
            <subfield code="a">Empire of the sun</subfield>
            <subfield code="1">http://viaf.org/viaf/293611582</subfield>
        </datafield>
        <datafield tag="245" ind1="0" ind2="0">
            <subfield code="a">Empire of the sun</subfield>
            <subfield code="h">[videorecording] /</subfield>
            <subfield code="c">a Steven Spielberg film.</subfield>
        </datafield>
        <datafield tag="260" ind1=" " ind2=" ">
            <subfield code="a">[U.K.] :</subfield>
            <subfield code="b">Warner Bros Entertainment UK,</subfield>
            <subfield code="c">c2012.</subfield>
        </datafield>
        <datafield tag="300" ind1=" " ind2=" ">
            <subfield code="a">1 DVD (147 min.) :</subfield>
            <subfield code="b">sound, color ;</subfield>
            <subfield code="c">4 3/4 in.</subfield>
        </datafield>
        <datafield tag="336" ind1=" " ind2=" ">
            <subfield code="a">todimensjonalt levende bilde</subfield>
            <subfield code="2">rdacontent</subfield>
            <subfield code="0">http://rdaregistry.info/termList/RDAContentType/1023</subfield>
        </datafield>
        <datafield tag="337" ind1=" " ind2=" ">
            <subfield code="a">video</subfield>
            <subfield code="2">rdamedia</subfield>
            <subfield code="0">http://rdaregistry.info/termList/RDAMediaType/1008</subfield>
        </datafield>
        <datafield tag="338" ind1=" " ind2=" ">
            <subfield code="a">videoplate</subfield>
            <subfield code="2">rdacarrier</subfield>
            <subfield code="0">http://rdaregistry.info/termList/RDACarrierType/1060</subfield>
        </datafield>
        <datafield tag="344" ind1=" " ind2=" ">
            <subfield code="a">digital</subfield>
            <subfield code="b">video</subfield>
            <subfield code="2">rda</subfield>
        </datafield>
        <datafield tag="345" ind1=" " ind2=" ">
            <subfield code="a">videodisc</subfield>
        </datafield>
        <datafield tag="346" ind1=" " ind2=" ">
            <subfield code="a">DVD</subfield>
        </datafield>
        <datafield tag="347" ind1=" " ind2=" ">
            <subfield code="a">video file</subfield>
            <subfield code="b">DVD</subfield>
            <subfield code="2">rda</subfield>
        </datafield>
        <datafield tag="380" ind1=" " ind2=" ">
            <subfield code="a">filmverk</subfield>
            <subfield code="0">https://schema.nb.no/Bibliographic/Values/V1002</subfield>
        </datafield>
        <datafield tag="500" ind1=" " ind2=" ">
            <subfield code="a">Based on the novel by J.G. Ballard.</subfield>
        </datafield>
        <datafield tag="500" ind1=" " ind2=" ">
            <subfield code="a">DVD release of the 1987 motion picture.</subfield>
        </datafield>
        <datafield tag="508" ind1=" " ind2=" ">
            <subfield code="a">Screenplay, Tom Stoppard; director of photography, Allen Daviau; music, John Williams.</subfield>
        </datafield>
        <datafield tag="511" ind1="1" ind2=" ">
            <subfield code="a">John Malkovich, Miranda Richardson, Nigel Havers, Christian Bale.</subfield>
        </datafield>
        <datafield tag="521" ind1="8" ind2=" ">
            <subfield code="a">BBFC cert. PG.</subfield>
        </datafield>
        <datafield tag="538" ind1=" " ind2=" ">
            <subfield code="a">DVD: PAL Region 2.</subfield>
        </datafield>
        <datafield tag="538" ind1=" " ind2=" ">
            <subfield code="a">System requirements: DVD player or PC with a DVD ROM drive.</subfield>
        </datafield>
        <datafield tag="546" ind1=" " ind2=" ">
            <subfield code="a">English, French, or Italian dialogue, with optional English, Arabic, Dutch, French, Icelandic, or Italian subtitles.</subfield>
        </datafield>
        <datafield tag="700" ind1="1" ind2=" ">
            <subfield code="a">Bale, Christian</subfield>
            <subfield code="d">1974-</subfield>
            <subfield code="4">act</subfield>
            <subfield code="1">http://viaf.org/viaf/116979537</subfield>
        </datafield>
        <datafield tag="700" ind1="1" ind2=" ">
            <subfield code="a">Havers, Nigel</subfield>
            <subfield code="d">1949-</subfield>
            <subfield code="4">act</subfield>
            <subfield code="1">http://viaf.org/viaf/56811607</subfield>
        </datafield>
        <datafield tag="700" ind1="1" ind2=" ">
            <subfield code="a">Malkovich, John</subfield>
            <subfield code="4">act</subfield>
            <subfield code="1">http://viaf.org/viaf/85398839</subfield>
        </datafield>
        <datafield tag="700" ind1="1" ind2=" ">
            <subfield code="a">Richardson, Miranda</subfield>
            <subfield code="4">act</subfield>
            <subfield code="1">http://viaf.org/viaf/7587211</subfield>
        </datafield>
        <datafield tag="700" ind1="1" ind2=" ">
            <subfield code="a">Spielberg, Steven</subfield>
            <subfield code="d">1946-</subfield>
            <subfield code="4">drt</subfield>
            <subfield code="4">pro</subfield>
            <subfield code="1">http://viaf.org/viaf/111553324</subfield>
        </datafield>
        <datafield tag="700" ind1="1" ind2=" ">
            <subfield code="a">Stoppard, Tom</subfield>
            <subfield code="4">aus</subfield>
            <subfield code="1">http://viaf.org/viaf/101362857</subfield>
        </datafield>
        <datafield tag="758" ind1=" " ind2=" ">
            <subfield code="a">Empire of the sun</subfield>
            <subfield code="1">http://viaf.org/viaf/180997771</subfield>
            <subfield code="4">http://rdaregistry.info/Elements/w/object/P10129</subfield>
        </datafield>
    </record>