
    <record>
        <leader>00730caa a22001574i 4500</leader>
        <controlfield tag="001">008587357</controlfield>
        <controlfield tag="003">FI-MELINDA</controlfield>
        <controlfield tag="005">20160107120117.0</controlfield>
        <controlfield tag="008">110309s2003    xxk||||g|    |||| j|eng|c</controlfield>
        <datafield tag="100" ind1="1" ind2=" ">
            <subfield code="a">Ballard, J. G.</subfield>
            <subfield code="1">http://viaf.org/viaf/9842556</subfield>
            <subfield code="4">http://rdaregistry.info/Elements/w/object/P10061</subfield>
        </datafield>
        <datafield tag="240" ind1="1" ind2="0">
            <subfield code="a">Billenium</subfield>
            <subfield code="1">http://viaf.org/viaf/308074297</subfield>
        </datafield>
        <datafield tag="245" ind1="1" ind2="0">
            <subfield code="a">Billenium.</subfield>
        </datafield>
        <datafield tag="336" ind1=" " ind2=" ">
            <subfield code="a">teksti</subfield>
            <subfield code="b">txt</subfield>
            <subfield code="2">rdacontent</subfield>
            <subfield code="0">http://rdaregistry.info/termList/RDAContentType/1020</subfield>
        </datafield>
        <datafield tag="337" ind1=" " ind2=" ">
            <subfield code="a">käytettävissä ilman laitetta</subfield>
            <subfield code="b">n</subfield>
            <subfield code="2">rdamedia</subfield>
            <subfield code="0">http://rdaregistry.info/termList/RDAMediaType/1007</subfield>
        </datafield>
        <datafield tag="380" ind1=" " ind2=" ">
            <subfield code="a">Short story</subfield>
        </datafield>
        <datafield tag="773" ind1="0" ind2=" ">
            <subfield code="7">unam</subfield>
            <subfield code="t">The Oxford book of science fiction stories /</subfield>
            <subfield code="d">Oxford : Oxford University Press, 2003.</subfield>
            <subfield code="z">0-19-230381-6</subfield>
            <subfield code="w">(FI-MELINDA)007302287</subfield>
        </datafield>
    </record>