
    <record>
        <leader>00785caa a22001574i 4500</leader>
        <controlfield tag="001">010323304</controlfield>
        <controlfield tag="003">FI-MELINDA</controlfield>
        <controlfield tag="005">20210117023643.0</controlfield>
        <controlfield tag="008">101008s1982    xxk|||||||||| ||||||||||c</controlfield>
        <datafield tag="100" ind1="1" ind2=" ">
            <subfield code="a">Ballard, J. G.</subfield>
            <subfield code="1">http://viaf.org/viaf/9842556</subfield>
            <subfield code="4">http://rdaregistry.info/Elements/w/object/P10061</subfield>
        </datafield>
        <datafield tag="240" ind1="1" ind2=" ">
            <subfield code="a">Venus smiles</subfield>
            <subfield code="1">http://viaf.org/viaf/311471640</subfield>
        </datafield>
        <datafield tag="245" ind1="1" ind2="0">
            <subfield code="a">Venus smiles.</subfield>
        </datafield>
        <datafield tag="336" ind1=" " ind2=" ">
            <subfield code="a">teksti</subfield>
            <subfield code="b">txt</subfield>
            <subfield code="2">rdacontent</subfield>
            <subfield code="0">http://rdaregistry.info/termList/RDAContentType/1020</subfield>
        </datafield>
        <datafield tag="337" ind1=" " ind2=" ">
            <subfield code="a">käytettävissä ilman laitetta</subfield>
            <subfield code="b">n</subfield>
            <subfield code="2">rdamedia</subfield>
            <subfield code="0">http://rdaregistry.info/termList/RDAMediaType/1007</subfield>
        </datafield>
        <datafield tag="773" ind1="0" ind2=" ">
            <subfield code="7">nnam</subfield>
            <subfield code="w">(FI-MELINDA)010138506</subfield>
            <subfield code="t">Modern short stories. -</subfield>
            <subfield code="d">London : Dent. -</subfield>
            <subfield code="z">0-460-01149-9. -</subfield>
            <subfield code="g">2</subfield>
        </datafield>
        <datafield tag="758" ind1=" " ind2=" ">
            <subfield code="a">Vermillion sands</subfield>
            <subfield code="1">http://viaf.org/viaf/307991538</subfield>
            <subfield code="4">http://rdaregistry.info/Elements/w/object/P10019</subfield>
        </datafield>
    </record>