
    <record>
        <leader>00721caa a22001454i 4500</leader>
        <controlfield tag="001">011386545</controlfield>
        <controlfield tag="003">FI-MELINDA</controlfield>
        <controlfield tag="005">20210127195822.0</controlfield>
        <controlfield tag="008">040217s1983    xxk|||||||||| ||||||||||c</controlfield>
        <datafield tag="100" ind1="1" ind2=" ">
            <subfield code="a">Ballard, J. G.</subfield>
            <subfield code="1">http://viaf.org/viaf/9842556</subfield>
            <subfield code="4">http://rdaregistry.info/Elements/w/object/P10061</subfield>
        </datafield>
        <datafield tag="240" ind1="1" ind2="0">
            <subfield code="a">Billenium</subfield>
            <subfield code="1">http://viaf.org/viaf/308074297</subfield>
        </datafield>
        <datafield tag="245" ind1="1" ind2="0">
            <subfield code="a">Billenium.</subfield>
        </datafield>
        <datafield tag="336" ind1=" " ind2=" ">
            <subfield code="a">teksti</subfield>
            <subfield code="b">txt</subfield>
            <subfield code="2">rdacontent</subfield>
            <subfield code="0">http://rdaregistry.info/termList/RDAContentType/1020</subfield>
        </datafield>
        <datafield tag="337" ind1=" " ind2=" ">
            <subfield code="a">käytettävissä ilman laitetta</subfield>
            <subfield code="b">n</subfield>
            <subfield code="2">rdamedia</subfield>
            <subfield code="0">http://rdaregistry.info/termList/RDAMediaType/1007</subfield>
        </datafield>
        <datafield tag="773" ind1="0" ind2=" ">
            <subfield code="7">nnam</subfield>
            <subfield code="w">(FI-MELINDA)004705471</subfield>
            <subfield code="t">Constellations : stories of the future. -</subfield>
            <subfield code="d">London : Heinemann Educational Books, 1987. -</subfield>
            <subfield code="k">Puffin plus. -</subfield>
            <subfield code="z">0-435-12291-6</subfield>
        </datafield>
    </record>