
    <record>
        <leader>01294cab a22003014i 4500</leader>
        <controlfield tag="001">013960066</controlfield>
        <controlfield tag="003">FI-MELINDA</controlfield>
        <controlfield tag="005">20190704174640.0</controlfield>
        <controlfield tag="008">980406s1998    fi ||||| |||| |||||0fin|c</controlfield>
        <datafield tag="041" ind1=" " ind2=" ">
            <subfield code="a">fin</subfield>
        </datafield>
        <datafield tag="100" ind1="1" ind2=" ">
            <subfield code="a">Ballard, J. G.</subfield>
            <subfield code="1">http://viaf.org/viaf/9842556</subfield>
            <subfield code="4">http://rdaregistry.info/Elements/w/object/P10061</subfield>
        </datafield>
        <datafield tag="245" ind1="1" ind2="0">
            <subfield code="a">Raportti tuntemattomalta avaruusasemalta /</subfield>
            <subfield code="c">suomennos Jouko Ruokosenmäki.</subfield>
        </datafield>
        <datafield tag="336" ind1=" " ind2=" ">
            <subfield code="a">teksti</subfield>
            <subfield code="b">txt</subfield>
            <subfield code="2">rdacontent</subfield>
            <subfield code="0">http://rdaregistry.info/termList/RDAContentType/1020</subfield>
        </datafield>
        <datafield tag="337" ind1=" " ind2=" ">
            <subfield code="a">käytettävissä ilman laitetta</subfield>
            <subfield code="b">n</subfield>
            <subfield code="2">rdamedia</subfield>
            <subfield code="0">http://rdaregistry.info/termList/RDAMediaType/1007</subfield>
        </datafield>
        <datafield tag="500" ind1=" " ind2=" ">
            <subfield code="a">Tieteisnovelli.</subfield>
        </datafield>
        <datafield tag="700" ind1=" " ind2=" ">
            <subfield code="a">Ruokosenmäki, Jouko</subfield>
            <subfield code="4">trl</subfield>
            <subfield code="4">http://rdaregistry.info/Elements/e/object/P20037</subfield>
        </datafield>
        <datafield tag="773" ind1="0" ind2=" ">
            <subfield code="w">(FI-MELINDA)000590328</subfield>
            <subfield code="7">nnas</subfield>
            <subfield code="w">(FI-Arto)1386296</subfield>
            <subfield code="t">Tähtivaeltaja. -</subfield>
            <subfield code="x">0781-271X. -</subfield>
            <subfield code="g">17(1998) : 1, s.44-47</subfield>
        </datafield>
    </record>