
    <record>
        <leader>03418cgm a22006614i 4500</leader>
        <controlfield tag="001">014474919</controlfield>
        <controlfield tag="003">FI-MELINDA</controlfield>
        <controlfield tag="005">20210612153255.0</controlfield>
        <controlfield tag="007">vd|csaizq</controlfield>
        <controlfield tag="008">170515s2017    fi ||| g          vleng|c</controlfield>
        <datafield tag="024" ind1="8" ind2=" ">
            <subfield code="a">5706168998603</subfield>
        </datafield>
        <datafield tag="028" ind1="4" ind2="1">
            <subfield code="b">Universal</subfield>
            <subfield code="a">2005-91N0</subfield>
        </datafield>
        <datafield tag="041" ind1="1" ind2=" ">
            <subfield code="a">eng</subfield>
            <subfield code="j">fin</subfield>
            <subfield code="j">swe</subfield>
            <subfield code="j">dan</subfield>
            <subfield code="j">nor</subfield>
            <subfield code="h">eng</subfield>
        </datafield>
        <datafield tag="049" ind1=" " ind2=" ">
            <subfield code="c">K16</subfield>
        </datafield>
        <datafield tag="130" ind1="1" ind2="0">
            <subfield code="a">High Rise</subfield>
            <subfield code="1">http://www.wikidata.org/entity/Q16994014</subfield>
        </datafield>
        <datafield tag="245" ind1="1" ind2="0">
            <subfield code="a">High-rise /</subfield>
            <subfield code="c">written by Amy Jump ; directed by Ben Wheatley ; produced by Jeremy Thomas.</subfield>
        </datafield>
        <datafield tag="264" ind1=" " ind2="2">
            <subfield code="a">[Helsinki] :</subfield>
            <subfield code="b">Universal Sony Pictures Home Entertainment Nordic,</subfield>
            <subfield code="c">[2017]</subfield>
        </datafield>
        <datafield tag="300" ind1=" " ind2=" ">
            <subfield code="a">1 Blu-ray-videolevy (118 min) :</subfield>
            <subfield code="b">värillinen, ääni</subfield>
        </datafield>
        <datafield tag="336" ind1=" " ind2=" ">
            <subfield code="a">kaksiulotteinen liikkuva kuva</subfield>
            <subfield code="b">tdi</subfield>
            <subfield code="2">rdacontent</subfield>
            <subfield code="0">http://rdaregistry.info/termList/RDAContentType/1023</subfield>
        </datafield>
        <datafield tag="337" ind1=" " ind2=" ">
            <subfield code="a">video</subfield>
            <subfield code="b">v</subfield>
            <subfield code="2">rdamedia</subfield>
            <subfield code="0">http://rdaregistry.info/termList/RDAMediaType/1008</subfield>
        </datafield>
        <datafield tag="338" ind1=" " ind2=" ">
            <subfield code="a">videolevy</subfield>
            <subfield code="b">vd</subfield>
            <subfield code="2">rdacarrier</subfield>
            <subfield code="0">http://rdaregistry.info/termList/RDACarrierType/1060</subfield>
        </datafield>
        <datafield tag="336" ind1=" " ind2=" ">
            <subfield code="a">todimensjonalt levende bilde</subfield>
            <subfield code="2">rdacontent</subfield>
            <subfield code="0">http://rdaregistry.info/termList/RDAContentType/1023</subfield>
        </datafield>
        <datafield tag="337" ind1=" " ind2=" ">
            <subfield code="a">video</subfield>
            <subfield code="2">rdamedia</subfield>
            <subfield code="0">http://rdaregistry.info/termList/RDAMediaType/1008</subfield>
        </datafield>
        <datafield tag="338" ind1=" " ind2=" ">
            <subfield code="a">videoplate</subfield>
            <subfield code="2">rdacarrier</subfield>
            <subfield code="0">http://rdaregistry.info/termList/RDACarrierType/1060</subfield>
        </datafield>
        <datafield tag="344" ind1=" " ind2=" ">
            <subfield code="a">digital</subfield>
            <subfield code="b">video</subfield>
            <subfield code="g">surround</subfield>
            <subfield code="2">rda</subfield>
        </datafield>
        <datafield tag="345" ind1=" " ind2=" ">
            <subfield code="a">videodisc</subfield>
        </datafield>
        <datafield tag="346" ind1=" " ind2=" ">
            <subfield code="a">Blu-ray</subfield>
        </datafield>
        <datafield tag="347" ind1=" " ind2=" ">
            <subfield code="a">video file</subfield>
            <subfield code="b">Blu-ray</subfield>
            <subfield code="2">rda</subfield>
        </datafield>
        <datafield tag="380" ind1=" " ind2=" ">
            <subfield code="a">filmverk</subfield>
            <subfield code="0">https://schema.nb.no/Bibliographic/Values/V1002</subfield>
        </datafield>
        <datafield tag="500" ind1=" " ind2=" ">
            <subfield code="a">Blu-ray.</subfield>
        </datafield>
        <datafield tag="505" ind1="0" ind2=" ">
            <subfield code="a">Lisämateriaali: Bringing Ballard to the big screen.</subfield>
        </datafield>
        <datafield tag="506" ind1="1" ind2=" ">
            <subfield code="a">Kielletty alle 16-vuotiailta.</subfield>
        </datafield>
        <datafield tag="511" ind1="0" ind2=" ">
            <subfield code="a">Pääosissa: Tom Hiddleston, Jeremy Irons, Sienna Miller, Luke Evans.</subfield>
        </datafield>
        <datafield tag="534" ind1=" " ind2=" ">
            <subfield code="p">Alun perin julkaistu:</subfield>
            <subfield code="c">HanWay Films, 2015.</subfield>
        </datafield>
        <datafield tag="540" ind1=" " ind2=" ">
            <subfield code="a">Lainausoikeus.</subfield>
        </datafield>
        <datafield tag="546" ind1=" " ind2=" ">
            <subfield code="a">Ääniraita: englanti ; tekstitys: suomi, ruotsi, norja, tanska. - Kielimerkinnät levyltä.</subfield>
        </datafield>
        <datafield tag="588" ind1="0" ind2=" ">
            <subfield code="a">Nimeke kannesta.</subfield>
        </datafield>
        <datafield tag="700" ind1="1" ind2=" ">
            <subfield code="a">Evans, Luke</subfield>
            <subfield code="e">näyttelijä.</subfield>
            <subfield code="4">act</subfield>
            <subfield code="1">http://viaf.org/viaf/167800050</subfield>
        </datafield>
        <datafield tag="700" ind1="1" ind2=" ">
            <subfield code="a">Hiddleston, Tom</subfield>
            <subfield code="e">näyttelijä</subfield>
            <subfield code="4">act</subfield>
            <subfield code="1">http://viaf.org/viaf/227561795</subfield>
        </datafield>
        <datafield tag="700" ind1="1" ind2=" ">
            <subfield code="a">Irons, Jeremy</subfield>
            <subfield code="e">näyttelijä.</subfield>
            <subfield code="4">act</subfield>
            <subfield code="1">http://viaf.org/viaf/114783177</subfield>
        </datafield>
        <datafield tag="700" ind1="1" ind2=" ">
            <subfield code="a">Jump, Amy</subfield>
            <subfield code="e">käsikirjoittaja</subfield>
            <subfield code="4">aus</subfield>
            <subfield code="1">http://viaf.org/viaf/263006949</subfield>
        </datafield>
        <datafield tag="700" ind1="1" ind2=" ">
            <subfield code="a">Mansell, Clint</subfield>
            <subfield code="e">säveltäjä.</subfield>
            <subfield code="4">cmp</subfield>
            <subfield code="1">https://www.imdb.com/name/nm0543739/</subfield>
        </datafield>
        <datafield tag="700" ind1="1" ind2=" ">
            <subfield code="a">Miller, Sienna</subfield>
            <subfield code="e">näyttelijä.</subfield>
            <subfield code="4">act</subfield>
            <subfield code="1">http://viaf.org/viaf/15069355</subfield>
        </datafield>
        <datafield tag="700" ind1="1" ind2=" ">
            <subfield code="a">Rose, Laurie</subfield>
            <subfield code="e">kuvaaja</subfield>
            <subfield code="4">cng</subfield>
            <subfield code="1">http://viaf.org/viaf/310657608</subfield>
        </datafield>
        <datafield tag="700" ind1="1" ind2=" ">
            <subfield code="a">Thomas, Jeremy</subfield>
            <subfield code="e">tuottaja</subfield>
            <subfield code="4">pro</subfield>
            <subfield code="1">http://viaf.org/viaf/304130472</subfield>
        </datafield>
        <datafield tag="700" ind1="1" ind2=" ">
            <subfield code="a">Wheatley, Ben</subfield>
            <subfield code="e">ohjaaja</subfield>
            <subfield code="4">fmd</subfield>
            <subfield code="1">http://viaf.org/viaf/252508880</subfield>
        </datafield>
        <datafield tag="710" ind1="2" ind2=" ">
            <subfield code="a">Hanway Films</subfield>
            <subfield code="e">tuotantoyhtiö.</subfield>
        </datafield>
        <datafield tag="758" ind1=" " ind2=" ">
            <subfield code="a">High-rise</subfield>
            <subfield code="1">http://viaf.org/viaf/308016990</subfield>
            <subfield code="4">http://rdaregistry.info/Elements/w/object/P10129</subfield>
        </datafield>
    </record>