
    <record>
        <leader>00693caa a22001574i 4500</leader>
        <controlfield tag="001">015099676</controlfield>
        <controlfield tag="003">FI-MELINDA</controlfield>
        <controlfield tag="005">20220328032353.0</controlfield>
        <controlfield tag="008">070209suuuu    xx |||||||||| ||||||||||c</controlfield>
        <datafield tag="100" ind1="1" ind2=" ">
            <subfield code="a">Ballard, J. G.</subfield>
            <subfield code="1">http://viaf.org/viaf/9842556</subfield>
            <subfield code="4">http://rdaregistry.info/Elements/w/object/P10061</subfield>
        </datafield>
        <datafield tag="240" ind1="1" ind2="0">
            <subfield code="a">Billenium</subfield>
            <subfield code="1">http://viaf.org/viaf/308074297</subfield>
        </datafield>
        <datafield tag="245" ind1="1" ind2="0">
            <subfield code="a">Billenium.</subfield>
        </datafield>
        <datafield tag="336" ind1=" " ind2=" ">
            <subfield code="a">teksti</subfield>
            <subfield code="b">txt</subfield>
            <subfield code="2">rdacontent</subfield>
            <subfield code="0">http://rdaregistry.info/termList/RDAContentType/1020</subfield>
        </datafield>
        <datafield tag="337" ind1=" " ind2=" ">
            <subfield code="a">käytettävissä ilman laitetta</subfield>
            <subfield code="b">n</subfield>
            <subfield code="2">rdamedia</subfield>
            <subfield code="0">http://rdaregistry.info/termList/RDAMediaType/1007</subfield>
        </datafield>
        <datafield tag="773" ind1="0" ind2=" ">
            <subfield code="7">nnam</subfield>
            <subfield code="w">(FI-MELINDA)005724602</subfield>
            <subfield code="t">The SF collection. -</subfield>
            <subfield code="d">London : Chancellor Press, 1994. -</subfield>
            <subfield code="z">1-85152-317-0</subfield>
        </datafield>
    </record>