
    <record>
        <leader>02819cgm a22005174i 4500</leader>
        <controlfield tag="001">017623725</controlfield>
        <controlfield tag="003">FI-MELINDA</controlfield>
        <controlfield tag="005">20220222052543.0</controlfield>
        <controlfield tag="007">vd cv |||</controlfield>
        <controlfield tag="008">921021r19872011fi                v|eng  </controlfield>
        <datafield tag="024" ind1="3" ind2=" ">
            <subfield code="a">5051895065655</subfield>
        </datafield>
        <datafield tag="028" ind1="4" ind2="1">
            <subfield code="b">Warner Bros.</subfield>
            <subfield code="a">73737</subfield>
        </datafield>
        <datafield tag="041" ind1="1" ind2=" ">
            <subfield code="a">eng</subfield>
            <subfield code="a">ger</subfield>
            <subfield code="a">spa</subfield>
            <subfield code="j">fin</subfield>
            <subfield code="j">mul</subfield>
        </datafield>
        <datafield tag="049" ind1=" " ind2=" ">
            <subfield code="c">K12</subfield>
            <subfield code="d">95296</subfield>
        </datafield>
        <datafield tag="130" ind1="1" ind2="0">
            <subfield code="a">Empire of the sun</subfield>
            <subfield code="1">http://viaf.org/viaf/293611582</subfield>
        </datafield>
        <datafield tag="245" ind1="1" ind2="0">
            <subfield code="a">Auringon valtakunta /</subfield>
            <subfield code="c">directed by Steven Spielberg ; screenplay by Tom Stoppard ; music by John Williams ; director of photography Allen Daviau ; based on the novel by J.G. Ballard.</subfield>
        </datafield>
        <datafield tag="260" ind1=" " ind2=" ">
            <subfield code="a">[Kustannuspaikka tuntematon]</subfield>
            <subfield code="b">Warner Home Video</subfield>
            <subfield code="c">[2011]</subfield>
        </datafield>
        <datafield tag="300" ind1=" " ind2=" ">
            <subfield code="a">1 DVD-videolevy (146 min) :</subfield>
            <subfield code="b">värillinen</subfield>
        </datafield>
        <datafield tag="336" ind1=" " ind2=" ">
            <subfield code="a">kaksiulotteinen liikkuva kuva</subfield>
            <subfield code="b">tdi</subfield>
            <subfield code="2">rdacontent</subfield>
            <subfield code="0">http://rdaregistry.info/termList/RDAContentType/1023</subfield>
        </datafield>
        <datafield tag="337" ind1=" " ind2=" ">
            <subfield code="a">video</subfield>
            <subfield code="b">v</subfield>
            <subfield code="2">rdamedia</subfield>
            <subfield code="0">http://rdaregistry.info/termList/RDAMediaType/1008</subfield>
        </datafield>
        <datafield tag="338" ind1=" " ind2=" ">
            <subfield code="a">videolevy</subfield>
            <subfield code="b">vd</subfield>
            <subfield code="2">rdacarrier</subfield>
            <subfield code="0">http://rdaregistry.info/termList/RDACarrierType/1060</subfield>
        </datafield>
        <datafield tag="336" ind1=" " ind2=" ">
            <subfield code="a">todimensjonalt levende bilde</subfield>
            <subfield code="2">rdacontent</subfield>
            <subfield code="0">http://rdaregistry.info/termList/RDAContentType/1023</subfield>
        </datafield>
        <datafield tag="337" ind1=" " ind2=" ">
            <subfield code="a">video</subfield>
            <subfield code="2">rdamedia</subfield>
            <subfield code="0">http://rdaregistry.info/termList/RDAMediaType/1008</subfield>
        </datafield>
        <datafield tag="338" ind1=" " ind2=" ">
            <subfield code="a">videoplate</subfield>
            <subfield code="2">rdacarrier</subfield>
            <subfield code="0">http://rdaregistry.info/termList/RDACarrierType/1060</subfield>
        </datafield>
        <datafield tag="344" ind1=" " ind2=" ">
            <subfield code="a">digital</subfield>
            <subfield code="2">rda</subfield>
        </datafield>
        <datafield tag="345" ind1=" " ind2=" ">
            <subfield code="a">videodisc</subfield>
        </datafield>
        <datafield tag="346" ind1=" " ind2=" ">
            <subfield code="a">DVD</subfield>
        </datafield>
        <datafield tag="347" ind1=" " ind2=" ">
            <subfield code="a">video file</subfield>
            <subfield code="b">DVD</subfield>
            <subfield code="2">rda</subfield>
        </datafield>
        <datafield tag="380" ind1=" " ind2=" ">
            <subfield code="a">filmverk</subfield>
            <subfield code="0">https://schema.nb.no/Bibliographic/Values/V1002</subfield>
        </datafield>
        <datafield tag="500" ind1=" " ind2=" ">
            <subfield code="a">Perustuu J. G. Balllardin teokseen.</subfield>
        </datafield>
        <datafield tag="511" ind1="0" ind2=" ">
            <subfield code="a">Pääosissa: John Malkovich, Miranda Richardson, Nigel Havers.</subfield>
        </datafield>
        <datafield tag="534" ind1=" " ind2=" ">
            <subfield code="p">Alun perin julkaistu:</subfield>
            <subfield code="c">Warner Bros. Entertainment, 1987.</subfield>
        </datafield>
        <datafield tag="546" ind1=" " ind2=" ">
            <subfield code="a">Ääniraita: englanti, saksa, espanja. Tekstitys: suomi, ruotsi, tanska, norja, englanti, saksa, espanja, portugali, heprea, puola, kreikka, turkki, tsekki, unkari, islanti, kroatia, ranska, italia.</subfield>
        </datafield>
        <datafield tag="700" ind1="1" ind2=" ">
            <subfield code="a">Daviau, Allen</subfield>
            <subfield code="e">kuvaaja</subfield>
            <subfield code="4">cng</subfield>
            <subfield code="1">http://viaf.org/viaf/17428858</subfield>
        </datafield>
        <datafield tag="700" ind1="1" ind2=" ">
            <subfield code="a">Havers, Nigel</subfield>
            <subfield code="e">näyttelijä.</subfield>
            <subfield code="4">act</subfield>
            <subfield code="1">http://viaf.org/viaf/56811607</subfield>
        </datafield>
        <datafield tag="700" ind1="1" ind2=" ">
            <subfield code="a">Malkovich, John</subfield>
            <subfield code="e">näyttelijä.</subfield>
            <subfield code="4">act</subfield>
            <subfield code="1">http://viaf.org/viaf/85398839</subfield>
        </datafield>
        <datafield tag="700" ind1="1" ind2=" ">
            <subfield code="a">Richardson, Miranda</subfield>
            <subfield code="e">näyttelijä.</subfield>
            <subfield code="4">act</subfield>
            <subfield code="1">http://viaf.org/viaf/7587211</subfield>
        </datafield>
        <datafield tag="700" ind1="1" ind2=" ">
            <subfield code="a">Spielberg, Steven</subfield>
            <subfield code="e">ohjaaja</subfield>
            <subfield code="4">drt</subfield>
            <subfield code="4">pro</subfield>
            <subfield code="1">http://viaf.org/viaf/111553324</subfield>
        </datafield>
        <datafield tag="700" ind1="1" ind2=" ">
            <subfield code="a">Stoppard, Tom</subfield>
            <subfield code="e">käsikirjoittaja</subfield>
            <subfield code="4">aus</subfield>
            <subfield code="1">http://viaf.org/viaf/101362857</subfield>
        </datafield>
        <datafield tag="700" ind1="1" ind2=" ">
            <subfield code="a">Williams, John</subfield>
            <subfield code="e">säveltäjä.</subfield>
            <subfield code="4">cmp</subfield>
            <subfield code="1">http://www.wikidata.org/entity/Q131285</subfield>
        </datafield>
        <datafield tag="758" ind1=" " ind2=" ">
            <subfield code="a">Empire of the sun</subfield>
            <subfield code="1">http://viaf.org/viaf/180997771</subfield>
            <subfield code="4">http://rdaregistry.info/Elements/w/object/P10129</subfield>
        </datafield>
    </record>