
    <record>
        <leader>02247nmm a22004817a 4500</leader>
        <controlfield tag="001">jxp9x6b1g5bs1q1s</controlfield>
        <controlfield tag="003">SE-LIBR</controlfield>
        <controlfield tag="005">20210619133417.0</controlfield>
        <controlfield tag="006">a|||||||||||000 ||</controlfield>
        <controlfield tag="006">i| |||||||||||| | </controlfield>
        <controlfield tag="007">co |||   |||||         </controlfield>
        <controlfield tag="008">210619s2021    sw     eq  m |      eng|c</controlfield>
        <datafield tag="024" ind1="7" ind2=" ">
            <subfield code="a">CA53485</subfield>
            <subfield code="2">MTM medienummer</subfield>
        </datafield>
        <datafield tag="041" ind1=" " ind2=" ">
            <subfield code="a">eng</subfield>
        </datafield>
        <datafield tag="046" ind1=" " ind2=" ">
            <subfield code="a">m</subfield>
            <subfield code="m">20210618</subfield>
            <subfield code="n">20210817</subfield>
        </datafield>
        <datafield tag="082" ind1="0" ind2="4">
            <subfield code="a">823</subfield>
            <subfield code="2">22 (machine generated)</subfield>
        </datafield>
        <datafield tag="100" ind1="1" ind2=" ">
            <subfield code="a">Ballard, J. G.</subfield>
            <subfield code="1">http://viaf.org/viaf/9842556</subfield>
            <subfield code="4">http://rdaregistry.info/Elements/w/object/P10061</subfield>
        </datafield>
        <datafield tag="240" ind1="1" ind2="0">
            <subfield code="a">Concrete Island</subfield>
            <subfield code="1">http://viaf.org/viaf/174604532</subfield>
        </datafield>
        <datafield tag="245" ind1="1" ind2="0">
            <subfield code="a">Concrete island</subfield>
            <subfield code="h">[Elektronisk resurs] /</subfield>
            <subfield code="c">J.G. Ballard.</subfield>
        </datafield>
        <datafield tag="256" ind1=" " ind2=" ">
            <subfield code="a">Text och ljud</subfield>
        </datafield>
        <datafield tag="264" ind1=" " ind2="1">
            <subfield code="a">Malmö :</subfield>
            <subfield code="b">MTM,</subfield>
            <subfield code="c">2021</subfield>
        </datafield>
        <datafield tag="300" ind1=" " ind2=" ">
            <subfield code="a">1 CD-R</subfield>
        </datafield>
        <datafield tag="336" ind1=" " ind2=" ">
            <subfield code="a">spoken word</subfield>
            <subfield code="b">spw</subfield>
            <subfield code="2">rdacontent</subfield>
            <subfield code="0">http://rdaregistry.info/termList/RDAContentType/1013</subfield>
        </datafield>
        <datafield tag="336" ind1=" " ind2=" ">
            <subfield code="a">text</subfield>
            <subfield code="b">txt</subfield>
            <subfield code="2">rdacontent</subfield>
            <subfield code="0">http://rdaregistry.info/termList/RDAContentType/1020</subfield>
        </datafield>
        <datafield tag="336" ind1=" " ind2=" ">
            <subfield code="a">tale</subfield>
            <subfield code="0">http://rdaregistry.info/termList/RDAContentType/1013</subfield>
        </datafield>
        <datafield tag="337" ind1=" " ind2=" ">
            <subfield code="a">computer</subfield>
            <subfield code="b">c</subfield>
            <subfield code="2">rdamedia</subfield>
            <subfield code="0">http://rdaregistry.info/termList/RDAMediaType/1003</subfield>
        </datafield>
        <datafield tag="337" ind1=" " ind2=" ">
            <subfield code="a">lydmedier</subfield>
            <subfield code="0">http://rdaregistry.info/termList/RDAMediaType/1001</subfield>
        </datafield>
        <datafield tag="338" ind1=" " ind2=" ">
            <subfield code="a">online ressurs</subfield>
            <subfield code="0">http://rdaregistry.info/termList/RDACarrierType/1018</subfield>
        </datafield>
        <datafield tag="347" ind1=" " ind2=" ">
            <subfield code="a">data file</subfield>
            <subfield code="2">rda</subfield>
        </datafield>
        <datafield tag="380" ind1=" " ind2=" ">
            <subfield code="a">Språkbasert verk</subfield>
            <subfield code="1">https://schema.nb.no/Bibliographic/Values/V1000</subfield>
        </datafield>
        <datafield tag="500" ind1=" " ind2=" ">
            <subfield code="a">Digital talbok (DAISY 2.02), text och ljud</subfield>
        </datafield>
        <datafield tag="500" ind1=" " ind2=" ">
            <subfield code="a">Inläst ur: [Ny utg.]. London : Fourth Estate, 2014. ISBN 978-0-00-728704-8</subfield>
        </datafield>
        <datafield tag="500" ind1=" " ind2=" ">
            <subfield code="a">Speltid: 4 tim., 28 min.; 141 s</subfield>
        </datafield>
        <datafield tag="506" ind1="1" ind2=" ">
            <subfield code="a">Tillgänglig för personer med läsnedsättning enligt § 17 Upphovsrättslagen</subfield>
            <subfield code="u">http://www.mtm.se/om-oss/uppdrag-och-lagar/upphovsrattslagen/</subfield>
        </datafield>
        <datafield tag="538" ind1=" " ind2=" ">
            <subfield code="a">Filstorlek: 93.1 MB.</subfield>
        </datafield>
        <datafield tag="700" ind1="1" ind2=" ">
            <subfield code="a">Wahlstedt, Malin</subfield>
            <subfield code="4">nrt</subfield>
            <subfield code="4">http://rdaregistry.info/Elements/e/object/P20022</subfield>
        </datafield>
        <datafield tag="776" ind1="0" ind2="8">
            <subfield code="i">Inläst ur</subfield>
            <subfield code="t">Concrete island</subfield>
            <subfield code="z">9780007287048</subfield>
        </datafield>
    </record>