
    <record>
        <leader>02186cim a22004217a 4500</leader>
        <controlfield tag="001">14806465</controlfield>
        <controlfield tag="003">SE-LIBR</controlfield>
        <controlfield tag="005">20170301152427.0</controlfield>
        <controlfield tag="007">sd |||||||||||         </controlfield>
        <controlfield tag="008">131118s2013    sw nn||e|||||||f  | eng|c</controlfield>
        <datafield tag="024" ind1="7" ind2=" ">
            <subfield code="a">C09253</subfield>
            <subfield code="2">MTM medienummer</subfield>
        </datafield>
        <datafield tag="041" ind1=" " ind2=" ">
            <subfield code="a">eng</subfield>
        </datafield>
        <datafield tag="046" ind1=" " ind2=" ">
            <subfield code="a">m</subfield>
            <subfield code="m">20131121</subfield>
            <subfield code="n">20140120</subfield>
        </datafield>
        <datafield tag="082" ind1="0" ind2="4">
            <subfield code="a">823</subfield>
            <subfield code="2">22 (machine generated)</subfield>
        </datafield>
        <datafield tag="100" ind1="1" ind2=" ">
            <subfield code="a">Ballard, J. G.</subfield>
            <subfield code="1">http://viaf.org/viaf/9842556</subfield>
            <subfield code="4">http://rdaregistry.info/Elements/w/object/P10061</subfield>
        </datafield>
        <datafield tag="240" ind1="1" ind2="0">
            <subfield code="a">Empire of the sun</subfield>
            <subfield code="1">http://viaf.org/viaf/180997771</subfield>
        </datafield>
        <datafield tag="245" ind1="1" ind2="0">
            <subfield code="a">Empire of the sun</subfield>
            <subfield code="h">[Ljudupptagning] /</subfield>
            <subfield code="c">by J. G. Ballard.</subfield>
        </datafield>
        <datafield tag="264" ind1=" " ind2="1">
            <subfield code="a">Johanneshov :</subfield>
            <subfield code="b">MTM,</subfield>
            <subfield code="c">2013</subfield>
        </datafield>
        <datafield tag="300" ind1=" " ind2=" ">
            <subfield code="a">1 CD-R (10 tim., 36 min.)</subfield>
            <subfield code="b">mono</subfield>
        </datafield>
        <datafield tag="336" ind1=" " ind2=" ">
            <subfield code="a">tale</subfield>
            <subfield code="0">http://rdaregistry.info/termList/RDAContentType/1013</subfield>
        </datafield>
        <datafield tag="337" ind1=" " ind2=" ">
            <subfield code="a">lydmedier</subfield>
            <subfield code="0">http://rdaregistry.info/termList/RDAMediaType/1001</subfield>
        </datafield>
        <datafield tag="338" ind1=" " ind2=" ">
            <subfield code="a">dataplate</subfield>
            <subfield code="0">http://rdaregistry.info/termList/RDACarrierType/1013</subfield>
        </datafield>
        <datafield tag="344" ind1=" " ind2=" ">
            <subfield code="a">digital</subfield>
            <subfield code="2">rda</subfield>
        </datafield>
        <datafield tag="347" ind1=" " ind2=" ">
            <subfield code="a">audio file</subfield>
            <subfield code="b">CD audio</subfield>
            <subfield code="2">rda</subfield>
        </datafield>
        <datafield tag="380" ind1=" " ind2=" ">
            <subfield code="a">Språkbasert verk</subfield>
            <subfield code="1">https://schema.nb.no/Bibliographic/Values/V1000</subfield>
        </datafield>
        <datafield tag="500" ind1=" " ind2=" ">
            <subfield code="a">Digital talbok (DAISY 2.02), ljud</subfield>
        </datafield>
        <datafield tag="500" ind1=" " ind2=" ">
            <subfield code="a">Fortsättes av: The kindness of women</subfield>
        </datafield>
        <datafield tag="500" ind1=" " ind2=" ">
            <subfield code="a">Överföring av analog ljudbok från: Bath : Chivers Audio Books, p 1986</subfield>
        </datafield>
        <datafield tag="506" ind1="1" ind2=" ">
            <subfield code="a">Tillgänglig för personer med läsnedsättning enligt § 17 Upphovsrättslagen</subfield>
            <subfield code="u">http://www.mtm.se/om-oss/uppdrag-och-lagar/upphovsrattslagen/</subfield>
        </datafield>
        <datafield tag="520" ind1=" " ind2=" ">
            <subfield code="a">Svensk titel: Solens rike. När japanerna intar Shanghai 1941, skiljs Jim, 11 år, från sina föräldrar. Han flackar ensam runt i den kaotiska staden och upplever åtskilliga strapatser, innan han hamnar i fångläger. Där möter han förnedring och sjukdom med en okuvlig vilja att överleva. Boken bygger på förf:s egna upplevelser. Inläsn. på engelska</subfield>
        </datafield>
        <datafield tag="700" ind1="1" ind2=" ">
            <subfield code="a">Egan, Peter</subfield>
            <subfield code="4">nrt</subfield>
            <subfield code="4">http://rdaregistry.info/Elements/e/object/P20022</subfield>
        </datafield>
    </record>