
    <record>
        <leader>02169cgm a22003977a 4500</leader>
        <controlfield tag="001">19767642</controlfield>
        <controlfield tag="003">SE-LIBR</controlfield>
        <controlfield tag="005">20170826134102.0</controlfield>
        <controlfield tag="008">161018s2016    sw 113 |     ||   m|eng|c</controlfield>
        <datafield tag="024" ind1="3" ind2=" ">
            <subfield code="a">5706168998597</subfield>
        </datafield>
        <datafield tag="024" ind1="3" ind2=" ">
            <subfield code="a">5706168999655</subfield>
        </datafield>
        <datafield tag="041" ind1=" " ind2=" ">
            <subfield code="a">eng</subfield>
            <subfield code="j">dan</subfield>
            <subfield code="j">nor</subfield>
            <subfield code="j">swe</subfield>
            <subfield code="j">fin</subfield>
        </datafield>
        <datafield tag="082" ind1="0" ind2="4">
            <subfield code="a">822</subfield>
            <subfield code="2">22 (machine generated)</subfield>
        </datafield>
        <datafield tag="130" ind1="1" ind2="0">
            <subfield code="a">High Rise</subfield>
            <subfield code="1">http://www.wikidata.org/entity/Q16994014</subfield>
        </datafield>
        <datafield tag="245" ind1="1" ind2="0">
            <subfield code="a">High-rise</subfield>
            <subfield code="h">[Videoupptagning] /</subfield>
            <subfield code="c">a film by Ben Wheatley ; written by Amy Jump ; directed by Ben Wheatley ; produced by Jeremy Thomas.</subfield>
        </datafield>
        <datafield tag="264" ind1=" " ind2="1">
            <subfield code="a">Stockholm :</subfield>
            <subfield code="b">Universal Sony Pictures Home Entertainment Nordic,</subfield>
            <subfield code="c">2017</subfield>
        </datafield>
        <datafield tag="264" ind1=" " ind2="1">
            <subfield code="c">2016</subfield>
        </datafield>
        <datafield tag="300" ind1=" " ind2=" ">
            <subfield code="a">1 DVD-Video (1 tim., 53 min.)</subfield>
            <subfield code="b">ljud, färg</subfield>
        </datafield>
        <datafield tag="336" ind1=" " ind2=" ">
            <subfield code="a">two-dimensional moving image</subfield>
            <subfield code="b">tdi</subfield>
            <subfield code="2">rdacontent</subfield>
            <subfield code="0">http://rdaregistry.info/termList/RDAContentType/1023</subfield>
        </datafield>
        <datafield tag="337" ind1=" " ind2=" ">
            <subfield code="a">video</subfield>
            <subfield code="b">n</subfield>
            <subfield code="2">rdamedia</subfield>
            <subfield code="0">http://rdaregistry.info/termList/RDAMediaType/1008</subfield>
        </datafield>
        <datafield tag="338" ind1=" " ind2=" ">
            <subfield code="a">dataplate</subfield>
            <subfield code="0">http://rdaregistry.info/termList/RDACarrierType/1060</subfield>
        </datafield>
        <datafield tag="500" ind1=" " ind2=" ">
            <subfield code="a">Bygger på romanen: High-rise / J.G. Ballard. - Originalfilmen: High-Rise ; The British Film Institute ; Channel Four Television, cop. 2015.</subfield>
        </datafield>
        <datafield tag="500" ind1=" " ind2=" ">
            <subfield code="a">Innehåller även: Bringing Ballard to the big screen.</subfield>
        </datafield>
        <datafield tag="511" ind1="0" ind2=" ">
            <subfield code="a">Skådespelare: Tom Hiddleston, Jeremy Irons, Sienna Miller, Luke Evans, Elisabeth Moss, James Purefoy, Keeley Hawes...</subfield>
        </datafield>
        <datafield tag="538" ind1=" " ind2=" ">
            <subfield code="a">Region 2; bildformat: 16:9 widescreen (2.35:1); ljudformat: Dolby digital 5.1</subfield>
        </datafield>
        <datafield tag="546" ind1=" " ind2=" ">
            <subfield code="a">Tal på engelska, textad på svenska, norska, danska och finska.</subfield>
        </datafield>
        <datafield tag="700" ind1="1" ind2=" ">
            <subfield code="a">Jansson, Thomas</subfield>
            <subfield code="4">trl</subfield>
            <subfield code="4">http://rdaregistry.info/Elements/e/object/P20037</subfield>
        </datafield>
        <datafield tag="700" ind1="1" ind2=" ">
            <subfield code="a">Mansell, Clint</subfield>
            <subfield code="4">msd</subfield>
            <subfield code="4">cmp</subfield>
            <subfield code="1">https://www.imdb.com/name/nm0543739/</subfield>
        </datafield>
        <datafield tag="700" ind1="1" ind2=" ">
            <subfield code="a">Rose, Laurie</subfield>
            <subfield code="4">cng</subfield>
            <subfield code="1">http://viaf.org/viaf/310657608</subfield>
        </datafield>
        <datafield tag="700" ind1="1" ind2=" ">
            <subfield code="a">Wheatley, Ben</subfield>
            <subfield code="4">fmd</subfield>
            <subfield code="1">http://viaf.org/viaf/252508880</subfield>
        </datafield>
        <datafield tag="758" ind1=" " ind2=" ">
            <subfield code="a">High-rise</subfield>
            <subfield code="1">http://viaf.org/viaf/308016990</subfield>
            <subfield code="4">http://rdaregistry.info/Elements/w/object/P10129</subfield>
        </datafield>
    </record>