
    <record>
        <leader>02328cim a22004457a 4500</leader>
        <controlfield tag="001">12618129</controlfield>
        <controlfield tag="003">SE-LIBR</controlfield>
        <controlfield tag="005">20170512104508.0</controlfield>
        <controlfield tag="007">sd |||||||||||         </controlfield>
        <controlfield tag="008">120302s2005    sw nn||e|||||||f  | swe|c</controlfield>
        <datafield tag="024" ind1="7" ind2=" ">
            <subfield code="a">C35673</subfield>
            <subfield code="2">MTM medienummer</subfield>
        </datafield>
        <datafield tag="041" ind1="1" ind2=" ">
            <subfield code="a">swe</subfield>
            <subfield code="h">eng</subfield>
        </datafield>
        <datafield tag="046" ind1=" " ind2=" ">
            <subfield code="a">m</subfield>
            <subfield code="m">20000101</subfield>
            <subfield code="n">20000301</subfield>
        </datafield>
        <datafield tag="082" ind1="0" ind2="4">
            <subfield code="a">823</subfield>
            <subfield code="2">22 (machine generated)</subfield>
        </datafield>
        <datafield tag="100" ind1="1" ind2=" ">
            <subfield code="a">Ballard, J. G.</subfield>
            <subfield code="1">http://viaf.org/viaf/9842556</subfield>
            <subfield code="4">http://rdaregistry.info/Elements/w/object/P10061</subfield>
        </datafield>
        <datafield tag="240" ind1="1" ind2="0">
            <subfield code="a">The crystal world</subfield>
            <subfield code="l">Svenska</subfield>
            <subfield code="1">http://viaf.org/viaf/307967896</subfield>
        </datafield>
        <datafield tag="245" ind1="1" ind2="0">
            <subfield code="a">Kristallvärlden</subfield>
            <subfield code="h">[Ljudupptagning] /</subfield>
            <subfield code="c">J. G. Ballard ; [översättning: Peter Stewart].</subfield>
        </datafield>
        <datafield tag="264" ind1=" " ind2="1">
            <subfield code="a">Enskede :</subfield>
            <subfield code="b">TPB,</subfield>
            <subfield code="c">2005</subfield>
        </datafield>
        <datafield tag="300" ind1=" " ind2=" ">
            <subfield code="a">1 CD-R (7 tim., 10 min.)</subfield>
            <subfield code="b">mono</subfield>
        </datafield>
        <datafield tag="336" ind1=" " ind2=" ">
            <subfield code="a">tale</subfield>
            <subfield code="0">http://rdaregistry.info/termList/RDAContentType/1013</subfield>
        </datafield>
        <datafield tag="337" ind1=" " ind2=" ">
            <subfield code="a">lydmedier</subfield>
            <subfield code="0">http://rdaregistry.info/termList/RDAMediaType/1001</subfield>
        </datafield>
        <datafield tag="338" ind1=" " ind2=" ">
            <subfield code="a">dataplate</subfield>
            <subfield code="0">http://rdaregistry.info/termList/RDACarrierType/1013</subfield>
        </datafield>
        <datafield tag="344" ind1=" " ind2=" ">
            <subfield code="a">digital</subfield>
            <subfield code="2">rda</subfield>
        </datafield>
        <datafield tag="347" ind1=" " ind2=" ">
            <subfield code="a">audio file</subfield>
            <subfield code="b">CD audio</subfield>
            <subfield code="2">rda</subfield>
        </datafield>
        <datafield tag="380" ind1=" " ind2=" ">
            <subfield code="a">Språkbasert verk</subfield>
            <subfield code="1">https://schema.nb.no/Bibliographic/Values/V1000</subfield>
        </datafield>
        <datafield tag="500" ind1=" " ind2=" ">
            <subfield code="a">Digital talbok (DAISY 2.0)</subfield>
        </datafield>
        <datafield tag="500" ind1=" " ind2=" ">
            <subfield code="a">Inläst ur: Stockholm : W&amp;W, 1971</subfield>
        </datafield>
        <datafield tag="500" ind1=" " ind2=" ">
            <subfield code="a">Överföring av analog inläsning från: Enskede : TPB, 1993</subfield>
        </datafield>
        <datafield tag="506" ind1="1" ind2=" ">
            <subfield code="a">Tillgänglig för personer med läsnedsättning enligt § 17 Upphovsrättslagen</subfield>
            <subfield code="u">http://www.mtm.se/om-oss/uppdrag-och-lagar/upphovsrattslagen/</subfield>
        </datafield>
        <datafield tag="520" ind1=" " ind2=" ">
            <subfield code="a">Sällsam och fascinerande SF-roman, där en afrikansk skog drabbas av en underlig tidscancer från yttre rymden, som förvandlar allt - träd, vatten, djur, människor, själva luften - till glänsande kristaller. Som kanske innebär en ny sorts odödlighet. Både huvudpersonerna och den yttre ramen har starka drag av Graham Greenes Utbränd</subfield>
        </datafield>
        <datafield tag="700" ind1="1" ind2=" ">
            <subfield code="a">Francke, Annika</subfield>
            <subfield code="4">nrt</subfield>
            <subfield code="4">http://rdaregistry.info/Elements/e/object/P20022</subfield>
        </datafield>
        <datafield tag="700" ind1="1" ind2=" ">
            <subfield code="a">Stewart, Peter</subfield>
            <subfield code="4">trl</subfield>
            <subfield code="4">http://rdaregistry.info/Elements/e/object/P20037</subfield>
        </datafield>
        <datafield tag="776" ind1="0" ind2="8">
            <subfield code="i">Inläst ur</subfield>
            <subfield code="t">Kristallvärlden</subfield>
        </datafield>
    </record>