
    <record>
        <leader>01288cam a22003373  4500</leader>
        <controlfield tag="001">1242986</controlfield>
        <controlfield tag="003">SE-LIBR</controlfield>
        <controlfield tag="005">20090422155501.0</controlfield>
        <controlfield tag="008">011211s1971    sw            000 0 swe c</controlfield>
        <datafield tag="041" ind1="1" ind2=" ">
            <subfield code="a">swe</subfield>
            <subfield code="h">eng</subfield>
        </datafield>
        <datafield tag="082" ind1="0" ind2="4">
            <subfield code="a">820</subfield>
            <subfield code="2">22 (machine generated)</subfield>
        </datafield>
        <datafield tag="100" ind1="1" ind2=" ">
            <subfield code="a">Ballard, J. G.</subfield>
            <subfield code="d">1930-2009</subfield>
            <subfield code="0">176668</subfield>
            <subfield code="1">http://viaf.org/viaf/9842556</subfield>
            <subfield code="4">http://rdaregistry.info/Elements/w/object/P10061</subfield>
        </datafield>
        <datafield tag="240" ind1="1" ind2="0">
            <subfield code="a">The crystal world</subfield>
            <subfield code="1">http://viaf.org/viaf/307967896</subfield>
        </datafield>
        <datafield tag="245" ind1="0" ind2="0">
            <subfield code="a">Kristallvärlden /</subfield>
            <subfield code="c">J. G. Ballard ; översättning: Peter Stewart</subfield>
        </datafield>
        <datafield tag="249" ind1=" " ind2="4">
            <subfield code="a">The crystal world</subfield>
        </datafield>
        <datafield tag="260" ind1=" " ind2=" ">
            <subfield code="a">Stockholm :</subfield>
            <subfield code="b">Wahlström and Widstrand,</subfield>
            <subfield code="c">1971 ;</subfield>
            <subfield code="e">(Malmö :</subfield>
            <subfield code="f">Norden)</subfield>
        </datafield>
        <datafield tag="300" ind1=" " ind2=" ">
            <subfield code="a">195, [1] s.</subfield>
        </datafield>
        <datafield tag="336" ind1=" " ind2=" ">
            <subfield code="a">text</subfield>
            <subfield code="b">txt</subfield>
            <subfield code="2">rdacontent</subfield>
            <subfield code="0">http://rdaregistry.info/termList/RDAContentType/1020</subfield>
        </datafield>
        <datafield tag="337" ind1=" " ind2=" ">
            <subfield code="a">unmediated</subfield>
            <subfield code="b">n</subfield>
            <subfield code="2">rdamedia</subfield>
            <subfield code="0">http://rdaregistry.info/termList/RDAMediaType/1007</subfield>
        </datafield>
        <datafield tag="338" ind1=" " ind2=" ">
            <subfield code="a">volume</subfield>
            <subfield code="b">nc</subfield>
            <subfield code="2">rdacarrier</subfield>
            <subfield code="0">http://rdaregistry.info/termList/RDACarrierType/1049</subfield>
        </datafield>
        <datafield tag="500" ind1=" " ind2=" ">
            <subfield code="5">Mo</subfield>
            <subfield code="a">Första svenska upplaga 1971</subfield>
        </datafield>
        <datafield tag="500" ind1=" " ind2=" ">
            <subfield code="5">Mo</subfield>
            <subfield code="a">Orig:s titel The crystal world</subfield>
        </datafield>
        <datafield tag="546" ind1=" " ind2=" ">
            <subfield code="5">Mo</subfield>
            <subfield code="a">svenska</subfield>
        </datafield>
    </record>