
    <record>
        <leader>01073njm a2200277 c 4500</leader>
        <controlfield tag="001">1236595602</controlfield>
        <controlfield tag="003">DE-101</controlfield>
        <controlfield tag="005">20210908222147.0</controlfield>
        <controlfield tag="007">s|||||||||||||</controlfield>
        <controlfield tag="008">210706s2021    gw ||||| |||||||||||zxx  </controlfield>
        <datafield tag="016" ind1="7" ind2=" ">
            <subfield code="2">DE-101</subfield>
            <subfield code="a">1236595602</subfield>
        </datafield>
        <datafield tag="028" ind1="3" ind2="2">
            <subfield code="a">aatp85</subfield>
        </datafield>
        <datafield tag="028" ind1="3" ind2="2">
            <subfield code="a">cure.24</subfield>
        </datafield>
        <datafield tag="041" ind1=" " ind2=" ">
            <subfield code="a">zxx</subfield>
        </datafield>
        <datafield tag="082" ind1="7" ind2="4">
            <subfield code="8">1\p</subfield>
            <subfield code="a">781.648</subfield>
            <subfield code="q">DE-101</subfield>
            <subfield code="2">23sdnb</subfield>
        </datafield>
        <datafield tag="245" ind1="0" ind2="0">
            <subfield code="a">Time ends</subfield>
            <subfield code="b">a tribute to J​.​G. Ballard's tetralogy of transformation</subfield>
        </datafield>
        <datafield tag="264" ind1=" " ind2="1">
            <subfield code="a">[Köln]</subfield>
            <subfield code="b">auf abwegen</subfield>
            <subfield code="a">[Berlin]</subfield>
            <subfield code="b">the epicurean</subfield>
            <subfield code="c">2021</subfield>
        </datafield>
        <datafield tag="300" ind1=" " ind2=" ">
            <subfield code="a">1 CD</subfield>
            <subfield code="e">1 Blatt, 1 gefaltetes Blatt (8 ungezählte Seiten)</subfield>
        </datafield>
        <datafield tag="336" ind1=" " ind2=" ">
            <subfield code="a">aufgeführte Musik</subfield>
            <subfield code="b">prm</subfield>
            <subfield code="2">rdacontent</subfield>
            <subfield code="0">http://rdaregistry.info/termList/RDAContentType/1011</subfield>
        </datafield>
        <datafield tag="337" ind1=" " ind2=" ">
            <subfield code="a">audio</subfield>
            <subfield code="b">s</subfield>
            <subfield code="2">rdamedia</subfield>
            <subfield code="0">http://rdaregistry.info/termList/RDAMediaType/1001</subfield>
        </datafield>
        <datafield tag="338" ind1=" " ind2=" ">
            <subfield code="a">Audiodisk</subfield>
            <subfield code="b">sd</subfield>
            <subfield code="2">rdacarrier</subfield>
            <subfield code="0">http://rdaregistry.info/termList/RDACarrierType/1004</subfield>
        </datafield>
        <datafield tag="344" ind1=" " ind2=" ">
            <subfield code="a">digital</subfield>
            <subfield code="2">rda</subfield>
        </datafield>
    </record>