
    <record>
        <leader>01603nam a2200313 c 4500</leader>
        <controlfield tag="001">930049772</controlfield>
        <controlfield tag="003">DE-101</controlfield>
        <controlfield tag="005">20171202175004.0</controlfield>
        <controlfield tag="007">tu</controlfield>
        <controlfield tag="008">921120s1992    gw ||||| |||| 00||||ger  </controlfield>
        <datafield tag="016" ind1="7" ind2=" ">
            <subfield code="2">DE-101</subfield>
            <subfield code="a">930049772</subfield>
        </datafield>
        <datafield tag="020" ind1=" " ind2=" ">
            <subfield code="a">3453061241</subfield>
            <subfield code="c">kart. : DM 12.80, S 99.50</subfield>
            <subfield code="9">3-453-06124-1</subfield>
        </datafield>
        <datafield tag="020" ind1=" " ind2=" ">
            <subfield code="a">9783453061248</subfield>
            <subfield code="c">kart. : DM 12.80, S 99.50</subfield>
            <subfield code="9">978-3-453-06124-8</subfield>
        </datafield>
        <datafield tag="041" ind1=" " ind2=" ">
            <subfield code="a">ger</subfield>
        </datafield>
        <datafield tag="100" ind1="1" ind2=" ">
            <subfield code="0">(DE-588)118656929</subfield>
            <subfield code="0">https://d-nb.info/gnd/118656929</subfield>
            <subfield code="0">(DE-101)118656929</subfield>
            <subfield code="a">Ballard, J. G.</subfield>
            <subfield code="d">1930-2009</subfield>
            <subfield code="e">Verfasser</subfield>
            <subfield code="4">aut</subfield>
            <subfield code="2">gnd</subfield>
            <subfield code="1">http://viaf.org/viaf/9842556</subfield>
            <subfield code="4">http://rdaregistry.info/Elements/w/object/P10061</subfield>
        </datafield>
        <datafield tag="245" ind1="1" ind2="0">
            <subfield code="a">&#x98;Das&#x9c; Reich der Sonne</subfield>
            <subfield code="b">Roman</subfield>
            <subfield code="c">James G. Ballard. [Aus dem Engl. von Juliane Gräbener und Marianne Menzel]</subfield>
        </datafield>
        <datafield tag="264" ind1=" " ind2="1">
            <subfield code="a">München</subfield>
            <subfield code="b">Heyne</subfield>
            <subfield code="c">1992</subfield>
        </datafield>
        <datafield tag="300" ind1=" " ind2=" ">
            <subfield code="a">398 S.</subfield>
            <subfield code="c">18 cm</subfield>
        </datafield>
        <datafield tag="336" ind1=" " ind2=" ">
            <subfield code="a">Text</subfield>
            <subfield code="b">txt</subfield>
            <subfield code="2">rdacontent</subfield>
            <subfield code="0">http://rdaregistry.info/termList/RDAContentType/1020</subfield>
        </datafield>
        <datafield tag="337" ind1=" " ind2=" ">
            <subfield code="a">ohne Hilfsmittel zu benutzen</subfield>
            <subfield code="b">n</subfield>
            <subfield code="2">rdamedia</subfield>
            <subfield code="0">http://rdaregistry.info/termList/RDAMediaType/1007</subfield>
        </datafield>
        <datafield tag="338" ind1=" " ind2=" ">
            <subfield code="a">Band</subfield>
            <subfield code="b">nc</subfield>
            <subfield code="2">rdacarrier</subfield>
            <subfield code="0">http://rdaregistry.info/termList/RDACarrierType/1049</subfield>
        </datafield>
        <datafield tag="490" ind1="1" ind2=" ">
            <subfield code="a">Heyne-Bücher : 1, Heyne allgemeine Reihe</subfield>
            <subfield code="v">Nr. 8621</subfield>
        </datafield>
        <datafield tag="500" ind1=" " ind2=" ">
            <subfield code="a">Lizenz des Piper-Verl., München</subfield>
        </datafield>
        <datafield tag="700" ind1="1" ind2="2">
            <subfield code="a">Ballard, J. G.</subfield>
            <subfield code="d">1930-2009</subfield>
            <subfield code="2">gnd</subfield>
            <subfield code="t">Empire of the sun</subfield>
            <subfield code="g">dt</subfield>
            <subfield code="1">http://viaf.org/viaf/180997771</subfield>
        </datafield>
        <datafield tag="830" ind1=" " ind2="0">
            <subfield code="a">Heyne-Bücher / 1</subfield>
            <subfield code="n">1</subfield>
            <subfield code="p">Heyne allgemeine Reihe</subfield>
            <subfield code="t">Heyne-Bücher</subfield>
            <subfield code="v">Nr. 8621</subfield>
            <subfield code="w">(DE-101)023536829</subfield>
            <subfield code="w">(DE-600)2080203-1</subfield>
            <subfield code="9">48621</subfield>
            <subfield code="7">as</subfield>
        </datafield>
    </record>