
    <record>
        <leader>04940cam a2200985 i 4500</leader>
        <controlfield tag="001">002460005</controlfield>
        <controlfield tag="003">FI-MELINDA</controlfield>
        <controlfield tag="005">20211014130106.0</controlfield>
        <controlfield tag="008">060829s2006    fi |||||||||||||||f|fin| </controlfield>
        <datafield tag="020" ind1=" " ind2=" ">
            <subfield code="a">952-471-853-7</subfield>
            <subfield code="q">nidottu</subfield>
        </datafield>
        <datafield tag="024" ind1="8" ind2=" ">
            <subfield code="a">A1090054</subfield>
        </datafield>
        <datafield tag="041" ind1="1" ind2=" ">
            <subfield code="a">fin</subfield>
            <subfield code="h">eng</subfield>
        </datafield>
        <datafield tag="080" ind1=" " ind2=" ">
            <subfield code="a">820</subfield>
            <subfield code="x">-3</subfield>
            <subfield code="2">1974/fin/fennica</subfield>
        </datafield>
        <datafield tag="100" ind1="1" ind2=" ">
            <subfield code="a">Ballard, J. G.</subfield>
            <subfield code="e">kirjoittaja</subfield>
            <subfield code="1">http://viaf.org/viaf/9842556</subfield>
            <subfield code="4">http://rdaregistry.info/Elements/w/object/P10061</subfield>
        </datafield>
        <datafield tag="240" ind1="1" ind2="0">
            <subfield code="a">Super-Cannes</subfield>
            <subfield code="1">http://viaf.org/viaf/7243154501919339210000</subfield>
        </datafield>
        <datafield tag="245" ind1="1" ind2="0">
            <subfield code="a">Super-Cannes /</subfield>
            <subfield code="c">J. G. Ballard ; suomentanut Hannu Tervaharju.</subfield>
        </datafield>
        <datafield tag="250" ind1=" " ind2=" ">
            <subfield code="a">2. p.</subfield>
        </datafield>
        <datafield tag="260" ind1=" " ind2=" ">
            <subfield code="a">Helsinki :</subfield>
            <subfield code="b">Like,</subfield>
            <subfield code="c">2006</subfield>
            <subfield code="e">(Jyväskylä :</subfield>
            <subfield code="f">Gummerus Kirjapaino)</subfield>
        </datafield>
        <datafield tag="300" ind1=" " ind2=" ">
            <subfield code="a">441 s. ;</subfield>
            <subfield code="c">18 cm</subfield>
        </datafield>
        <datafield tag="336" ind1=" " ind2=" ">
            <subfield code="a">teksti</subfield>
            <subfield code="b">txt</subfield>
            <subfield code="2">rdacontent</subfield>
            <subfield code="0">http://rdaregistry.info/termList/RDAContentType/1020</subfield>
        </datafield>
        <datafield tag="337" ind1=" " ind2=" ">
            <subfield code="a">käytettävissä ilman laitetta</subfield>
            <subfield code="b">n</subfield>
            <subfield code="2">rdamedia</subfield>
            <subfield code="0">http://rdaregistry.info/termList/RDAMediaType/1007</subfield>
        </datafield>
        <datafield tag="338" ind1=" " ind2=" ">
            <subfield code="a">nide</subfield>
            <subfield code="b">nc</subfield>
            <subfield code="2">rdacarrier</subfield>
            <subfield code="0">http://rdaregistry.info/termList/RDAContentType/1020</subfield>
        </datafield>
        <datafield tag="380" ind1=" " ind2=" ">
            <subfield code="a">Språkbasert verk</subfield>
            <subfield code="1">https://schema.nb.no/Bibliographic/Values/V1000</subfield>
        </datafield>
        <datafield tag="490" ind1="1" ind2=" ">
            <subfield code="a">Like-pokkari ;</subfield>
            <subfield code="v">[152]</subfield>
        </datafield>
        <datafield tag="500" ind1=" " ind2=" ">
            <subfield code="a">Kirja ilmestyi ensimmäisen kerran suomeksi 2003</subfield>
        </datafield>
        <datafield tag="500" ind1=" " ind2=" ">
            <subfield code="a">Scifi.</subfield>
        </datafield>
        <datafield tag="586" ind1=" " ind2=" ">
            <subfield code="a">Tähtivaeltaja-palkinto, 2004</subfield>
        </datafield>
        <datafield tag="600" ind1="1" ind2="4">
            <subfield code="a">Sinclair, Paul</subfield>
            <subfield code="c">(fiktiivinen hahmo)</subfield>
        </datafield>
        <datafield tag="700" ind1="1" ind2=" ">
            <subfield code="a">Tervaharju, Hannu</subfield>
            <subfield code="e">kääntäjä.</subfield>
            <subfield code="0">(FI-ASTERI-N)000112855</subfield>
            <subfield code="4">trl</subfield>
            <subfield code="4">http://rdaregistry.info/Elements/e/object/P20037</subfield>
        </datafield>
        <datafield tag="830" ind1=" " ind2="0">
            <subfield code="a">Like-pokkari ;</subfield>
            <subfield code="v">[152]</subfield>
        </datafield>
    </record>