
    <record>
        <leader>02778cam a22004097c 4500</leader>
        <controlfield tag="001">991305624914702201</controlfield>
        <controlfield tag="003">BIBSYS</controlfield>
        <controlfield tag="005">20210128110010.0</controlfield>
        <controlfield tag="007">ta</controlfield>
        <controlfield tag="008">150206s1972    xx#|||||||||||000|||eng|c</controlfield>
        <datafield tag="020" ind1=" " ind2=" ">
            <subfield code="a">0425021750</subfield>
            <subfield code="q">h.</subfield>
        </datafield>
        <datafield tag="245" ind1="0" ind2="0">
            <subfield code="a">The ruins of the earth :</subfield>
            <subfield code="b">16 stories of the future</subfield>
            <subfield code="c">edited by Thomas M. Disch</subfield>
        </datafield>
        <datafield tag="260" ind1=" " ind2=" ">
            <subfield code="a">New York</subfield>
            <subfield code="b">Berkley publishing corp.</subfield>
            <subfield code="c">1972</subfield>
        </datafield>
        <datafield tag="300" ind1=" " ind2=" ">
            <subfield code="a">287 s.</subfield>
        </datafield>
        <datafield tag="336" ind1=" " ind2=" ">
            <subfield code="a">tekst</subfield>
            <subfield code="0">http://rdaregistry.info/termList/RDAContentType/1020</subfield>
        </datafield>
        <datafield tag="337" ind1=" " ind2=" ">
            <subfield code="a">uformidlet</subfield>
            <subfield code="0">http://rdaregistry.info/termList/RDAMediaType/1007</subfield>
        </datafield>
        <datafield tag="338" ind1=" " ind2=" ">
            <subfield code="a">bind</subfield>
            <subfield code="0">http://rdaregistry.info/termList/RDACarrierType/1049</subfield>
        </datafield>
        <datafield tag="380" ind1=" " ind2=" ">
            <subfield code="a">Språkbasert verk</subfield>
            <subfield code="1">https://schema.nb.no/Bibliographic/Values/V1000</subfield>
        </datafield>
        <datafield tag="700" ind1="1" ind2=" ">
            <subfield code="a">Ballard, J. G.</subfield>
            <subfield code="d">1930-2009</subfield>
            <subfield code="4">ctb</subfield>
            <subfield code="0">(NO-TrBIB)90199005</subfield>
            <subfield code="4">ctb</subfield>
            <subfield code="1">http://viaf.org/viaf/9842556</subfield>
            <subfield code="4">http://rdaregistry.info/Elements/m/object/P30327</subfield>
        </datafield>
        <datafield tag="700" ind1="1" ind2=" ">
            <subfield code="a">Brownstein, Michael</subfield>
            <subfield code="4">ctb</subfield>
            <subfield code="0">(NO-TrBIB)13006945</subfield>
            <subfield code="4">http://rdaregistry.info/Elements/m/object/P30327</subfield>
        </datafield>
        <datafield tag="700" ind1="1" ind2=" ">
            <subfield code="a">Dick, Philip K.</subfield>
            <subfield code="d">1928-1982</subfield>
            <subfield code="4">ctb</subfield>
            <subfield code="0">(NO-TrBIB)90067806</subfield>
            <subfield code="1">http://viaf.org/viaf/27063583</subfield>
            <subfield code="4">http://rdaregistry.info/Elements/m/object/P30327</subfield>
        </datafield>
        <datafield tag="700" ind1="1" ind2=" ">
            <subfield code="a">Disch, Thomas M.</subfield>
            <subfield code="4">edt</subfield>
            <subfield code="4">edc</subfield>
            <subfield code="0">(NO-TrBIB)90705277</subfield>
            <subfield code="1">http://viaf.org/viaf/51688624</subfield>
            <subfield code="4">http://rdaregistry.info/Elements/m/object/P30267</subfield>
        </datafield>
        <datafield tag="700" ind1="1" ind2=" ">
            <subfield code="a">Du Maurier, Daphne</subfield>
            <subfield code="d">1907-1989</subfield>
            <subfield code="4">ctb</subfield>
            <subfield code="0">(NO-TrBIB)90070402</subfield>
            <subfield code="4">http://rdaregistry.info/Elements/m/object/P30327</subfield>
        </datafield>
        <datafield tag="700" ind1="1" ind2=" ">
            <subfield code="a">Effinger, Georg Alec</subfield>
            <subfield code="4">ctb</subfield>
            <subfield code="0">(NO-TrBIB)13006944</subfield>
            <subfield code="4">http://rdaregistry.info/Elements/m/object/P30327</subfield>
        </datafield>
        <datafield tag="700" ind1="1" ind2=" ">
            <subfield code="a">Elmslie, Kenward</subfield>
            <subfield code="4">ctb</subfield>
            <subfield code="0">(NO-TrBIB)1028534</subfield>
            <subfield code="4">http://rdaregistry.info/Elements/m/object/P30327</subfield>
        </datafield>
        <datafield tag="700" ind1="1" ind2=" ">
            <subfield code="a">Harrison, Harry</subfield>
            <subfield code="d">1925-2012</subfield>
            <subfield code="4">ctb</subfield>
            <subfield code="0">(NO-TrBIB)90125333</subfield>
            <subfield code="4">http://rdaregistry.info/Elements/m/object/P30327</subfield>
        </datafield>
        <datafield tag="700" ind1="1" ind2=" ">
            <subfield code="a">Houston, James D.</subfield>
            <subfield code="4">ctb</subfield>
            <subfield code="0">(NO-TrBIB)90635408</subfield>
            <subfield code="4">http://rdaregistry.info/Elements/m/object/P30327</subfield>
        </datafield>
        <datafield tag="700" ind1="1" ind2=" ">
            <subfield code="a">Jonas, Gerald</subfield>
            <subfield code="4">ctb</subfield>
            <subfield code="0">(NO-TrBIB)7079141</subfield>
            <subfield code="4">http://rdaregistry.info/Elements/m/object/P30327</subfield>
        </datafield>
        <datafield tag="700" ind1="1" ind2=" ">
            <subfield code="a">Kagan, Norman</subfield>
            <subfield code="4">ctb</subfield>
            <subfield code="0">(NO-TrBIB)90161779</subfield>
            <subfield code="4">http://rdaregistry.info/Elements/m/object/P30327</subfield>
        </datafield>
        <datafield tag="700" ind1="1" ind2=" ">
            <subfield code="a">Lafferty, R. A.</subfield>
            <subfield code="4">ctb</subfield>
            <subfield code="0">(NO-TrBIB)99006126</subfield>
            <subfield code="4">http://rdaregistry.info/Elements/m/object/P30327</subfield>
        </datafield>
        <datafield tag="700" ind1="1" ind2=" ">
            <subfield code="a">Leiber, Fritz</subfield>
            <subfield code="d">1910-1992</subfield>
            <subfield code="4">ctb</subfield>
            <subfield code="0">(NO-TrBIB)90705550</subfield>
            <subfield code="1">http://viaf.org/viaf/36920990</subfield>
            <subfield code="4">http://rdaregistry.info/Elements/m/object/P30327</subfield>
        </datafield>
        <datafield tag="700" ind1="1" ind2=" ">
            <subfield code="a">Mundis, Jerrod J.</subfield>
            <subfield code="4">ctb</subfield>
            <subfield code="0">(NO-TrBIB)13006943</subfield>
            <subfield code="4">http://rdaregistry.info/Elements/m/object/P30327</subfield>
        </datafield>
        <datafield tag="700" ind1="1" ind2=" ">
            <subfield code="a">Rush, Norman</subfield>
            <subfield code="4">ctb</subfield>
            <subfield code="0">(NO-TrBIB)90721345</subfield>
            <subfield code="4">http://rdaregistry.info/Elements/m/object/P30327</subfield>
        </datafield>
        <datafield tag="700" ind1="1" ind2=" ">
            <subfield code="a">Vonnegut, Kurt</subfield>
            <subfield code="4">ctb</subfield>
            <subfield code="0">(NO-TrBIB)10062183</subfield>
            <subfield code="4">http://rdaregistry.info/Elements/m/object/P30327</subfield>
        </datafield>
        <datafield tag="700" ind1="1" ind2=" ">
            <subfield code="a">Wolfe, Gene</subfield>
            <subfield code="4">ctb</subfield>
            <subfield code="0">(NO-TrBIB)97049116</subfield>
            <subfield code="4">http://rdaregistry.info/Elements/m/object/P30327</subfield>
        </datafield>
    </record>