
    <record>
        <leader>01568nam a2200313 i 4500</leader>
        <controlfield tag="001">bimo0000013497</controlfield>
        <controlfield tag="003">SpMaBN</controlfield>
        <controlfield tag="005">20121126091907.2</controlfield>
        <controlfield tag="008">880329s1986    sp                  spa  </controlfield>
        <datafield tag="016" ind1="7" ind2=" ">
            <subfield code="a">bimoBNE19910136404</subfield>
            <subfield code="z">SAB9000015758</subfield>
            <subfield code="2">SpMaBN</subfield>
        </datafield>
        <datafield tag="017" ind1=" " ind2=" ">
            <subfield code="a">B 21450-1986</subfield>
            <subfield code="b">Oficina Depósito Legal Barcelona</subfield>
        </datafield>
        <datafield tag="020" ind1=" " ind2=" ">
            <subfield code="a">84-7634-664-6</subfield>
        </datafield>
        <datafield tag="080" ind1=" " ind2=" ">
            <subfield code="a">820-32"19"</subfield>
        </datafield>
        <datafield tag="245" ind1="1" ind2="3">
            <subfield code="a">El paisaje interior</subfield>
            <subfield code="h">[Texto impreso]</subfield>
            <subfield code="c">Mervyn Peake, J.G. Ballard, Brian W. Aldiss ; [traducción, Marta Muñiz Moreno]</subfield>
        </datafield>
        <datafield tag="260" ind1=" " ind2=" ">
            <subfield code="a">Barcelona</subfield>
            <subfield code="b">Orbis</subfield>
            <subfield code="c">D.L. 1986</subfield>
        </datafield>
        <datafield tag="300" ind1=" " ind2=" ">
            <subfield code="a">160 pages</subfield>
            <subfield code="c">20 cm</subfield>
        </datafield>
        <datafield tag="336" ind1=" " ind2=" ">
            <subfield code="a">tekst</subfield>
            <subfield code="0">http://rdaregistry.info/termList/RDAContentType/1020</subfield>
        </datafield>
        <datafield tag="337" ind1=" " ind2=" ">
            <subfield code="a">uformidlet</subfield>
            <subfield code="0">http://rdaregistry.info/termList/RDAMediaType/1007</subfield>
        </datafield>
        <datafield tag="338" ind1=" " ind2=" ">
            <subfield code="a">bind</subfield>
            <subfield code="0">http://rdaregistry.info/termList/RDACarrierType/1049</subfield>
        </datafield>
        <datafield tag="380" ind1=" " ind2=" ">
            <subfield code="a">Språkbasert verk</subfield>
            <subfield code="1">https://schema.nb.no/Bibliographic/Values/V1000</subfield>
        </datafield>
        <datafield tag="440" ind1=" " ind2="0">
            <subfield code="a">Biblioteca de ciencia ficción</subfield>
            <subfield code="v">71</subfield>
        </datafield>
        <datafield tag="500" ind1=" " ind2=" ">
            <subfield code="a">Traducción de: The inner landscape</subfield>
        </datafield>
        <datafield tag="505" ind1="0" ind2=" ">
            <subfield code="a">Niño en tinieblas / Mervyn Peake. Las voces del tiempo / J.G. Ballard. Peligro, ¡Religión! / Brian W. Aldiss</subfield>
        </datafield>
        <datafield tag="700" ind1="1" ind2=" ">
            <subfield code="a">Muñiz Moreno, Marta</subfield>
            <subfield code="4">trl</subfield>
            <subfield code="1">http://viaf.org/viaf/87810800</subfield>
            <subfield code="4">http://rdaregistry.info/Elements/e/object/P20037</subfield>
        </datafield>
        <datafield tag="700" ind1="1" ind2="2">
            <subfield code="a">Aldiss, Brian W.</subfield>
            <subfield code="d">1925-</subfield>
            <subfield code="t">Danger, Religion!</subfield>
            <subfield code="1">http://viaf.org/viaf/183421260</subfield>
        </datafield>
        <datafield tag="700" ind1="1" ind2="2">
            <subfield code="a">Ballard, J. G.</subfield>
            <subfield code="d">1930-2009</subfield>
            <subfield code="t">The voices of time</subfield>
            <subfield code="1">http://viaf.org/viaf/311471559</subfield>
        </datafield>
        <datafield tag="700" ind1="1" ind2="2">
            <subfield code="a">Peake, Mervyn Laurence</subfield>
            <subfield code="d">1911-1968</subfield>
            <subfield code="t">Boy in darkness</subfield>
            <subfield code="1">http://viaf.org/viaf/309308512</subfield>
        </datafield>
    </record>