
    <record>
        <leader>01966pam a2200385 cc4500</leader>
        <controlfield tag="001">982550669</controlfield>
        <controlfield tag="003">DE-101</controlfield>
        <controlfield tag="005">20171202021849.0</controlfield>
        <controlfield tag="007">tu</controlfield>
        <controlfield tag="008">070104s2007    gw ||||| |||| 00||||ger  </controlfield>
        <datafield tag="016" ind1="7" ind2=" ">
            <subfield code="2">DE-101</subfield>
            <subfield code="a">982550669</subfield>
        </datafield>
        <datafield tag="020" ind1=" " ind2=" ">
            <subfield code="a">345352277X</subfield>
            <subfield code="c">kart. : EUR 11.95 (DE), EUR 11.30 (AT), sfr 19.80</subfield>
            <subfield code="9">3-453-52277-X</subfield>
        </datafield>
        <datafield tag="020" ind1=" " ind2=" ">
            <subfield code="a">9783453522770</subfield>
            <subfield code="c">kart. : EUR 11.95 (DE), EUR 11.30 (AT), sfr 19.80</subfield>
            <subfield code="9">978-3-453-52277-0</subfield>
        </datafield>
        <datafield tag="024" ind1="3" ind2=" ">
            <subfield code="a">9783453522770</subfield>
        </datafield>
        <datafield tag="041" ind1=" " ind2=" ">
            <subfield code="a">ger</subfield>
            <subfield code="h">eng</subfield>
        </datafield>
        <datafield tag="082" ind1="7" ind2="4">
            <subfield code="a">820</subfield>
            <subfield code="a">B</subfield>
            <subfield code="q">DE-101</subfield>
            <subfield code="2">22sdnb</subfield>
        </datafield>
        <datafield tag="090" ind1=" " ind2=" ">
            <subfield code="a">b</subfield>
        </datafield>
        <datafield tag="100" ind1="1" ind2=" ">
            <subfield code="0">(DE-588)118656929</subfield>
            <subfield code="0">https://d-nb.info/gnd/118656929</subfield>
            <subfield code="0">(DE-101)118656929</subfield>
            <subfield code="a">Ballard, J. G.</subfield>
            <subfield code="d">1930-2009</subfield>
            <subfield code="e">Verfasser</subfield>
            <subfield code="4">aut</subfield>
            <subfield code="2">gnd</subfield>
            <subfield code="1">http://viaf.org/viaf/9842556</subfield>
            <subfield code="4">http://rdaregistry.info/Elements/w/object/P10061</subfield>
        </datafield>
        <datafield tag="245" ind1="1" ind2="0">
            <subfield code="a">Gesammelte Erzählungen</subfield>
            <subfield code="n">[2].</subfield>
            <subfield code="p">Vom Leben und Tod Gottes / [dt. Übers. von Charlotte Franke ...]</subfield>
            <subfield code="c">J. G. Ballard. [Bearb. der Übers.: Angela Herrmann und Hannes Riffel]</subfield>
        </datafield>
        <datafield tag="250" ind1=" " ind2=" ">
            <subfield code="a">Vollst. überarb. Neuausg.</subfield>
        </datafield>
        <datafield tag="259" ind1=" " ind2=" ">
            <subfield code="a">vouen</subfield>
        </datafield>
        <datafield tag="264" ind1="3" ind2="1">
            <subfield code="a">München</subfield>
            <subfield code="b">Heyne</subfield>
            <subfield code="c">2007</subfield>
        </datafield>
        <datafield tag="300" ind1=" " ind2=" ">
            <subfield code="a">1131 S.</subfield>
        </datafield>
        <datafield tag="336" ind1=" " ind2=" ">
            <subfield code="a">Text</subfield>
            <subfield code="b">txt</subfield>
            <subfield code="2">rdacontent</subfield>
            <subfield code="0">http://rdaregistry.info/termList/RDAContentType/1020</subfield>
        </datafield>
        <datafield tag="337" ind1=" " ind2=" ">
            <subfield code="a">ohne Hilfsmittel zu benutzen</subfield>
            <subfield code="b">n</subfield>
            <subfield code="2">rdamedia</subfield>
            <subfield code="0">http://rdaregistry.info/termList/RDAMediaType/1007</subfield>
        </datafield>
        <datafield tag="338" ind1=" " ind2=" ">
            <subfield code="a">Band</subfield>
            <subfield code="b">nc</subfield>
            <subfield code="2">rdacarrier</subfield>
            <subfield code="0">http://rdaregistry.info/termList/RDACarrierType/1049</subfield>
        </datafield>
        <datafield tag="700" ind1="1" ind2=" ">
            <subfield code="0">https://d-nb.info/gnd/1204277397</subfield>
            <subfield code="a">Herrmann, Angela</subfield>
            <subfield code="e">Mitwirkender</subfield>
            <subfield code="4">trl</subfield>
            <subfield code="1">https://d-nb.info/gnd/1204277397</subfield>
            <subfield code="4">http://rdaregistry.info/Elements/e/object/P20037</subfield>
        </datafield>
        <datafield tag="700" ind1="1" ind2=" ">
            <subfield code="a">Riffel, Hannes</subfield>
            <subfield code="e">Mitwirkender</subfield>
            <subfield code="4">trl</subfield>
            <subfield code="1">http://viaf.org/viaf/37634899</subfield>
            <subfield code="4">http://rdaregistry.info/Elements/e/object/P20037</subfield>
        </datafield>
        <datafield tag="700" ind1=" " ind2=" ">
            <subfield code="a">Franke, Charlotte</subfield>
            <subfield code="4">trl</subfield>
            <subfield code="4">http://rdaregistry.info/Elements/e/object/P20037</subfield>
        </datafield>
        <datafield tag="773" ind1="0" ind2="8">
            <subfield code="q">12</subfield>
            <subfield code="w">(DE-101)984138587</subfield>
        </datafield>
    </record>