
    <record>
        <leader>01896cam a22003017c 4500</leader>
        <controlfield tag="001">991401124804702201</controlfield>
        <controlfield tag="003">BIBSYS</controlfield>
        <controlfield tag="005">20150206120624.0</controlfield>
        <controlfield tag="007">ta</controlfield>
        <controlfield tag="008">150206s1966    xx#|||||||||||000|f|eng|d</controlfield>
        <datafield tag="020" ind1=" " ind2=" ">
            <subfield code="a">0330024655</subfield>
            <subfield code="q">h.</subfield>
        </datafield>
        <datafield tag="245" ind1="0" ind2="0">
            <subfield code="a">Window on the future</subfield>
            <subfield code="c">edited by Douglas Hill</subfield>
        </datafield>
        <datafield tag="260" ind1=" " ind2=" ">
            <subfield code="a">London</subfield>
            <subfield code="b">Pan Books</subfield>
            <subfield code="c">1966</subfield>
        </datafield>
        <datafield tag="300" ind1=" " ind2=" ">
            <subfield code="a">158 s.</subfield>
        </datafield>
        <datafield tag="336" ind1=" " ind2=" ">
            <subfield code="a">tekst</subfield>
            <subfield code="0">http://rdaregistry.info/termList/RDAContentType/1020</subfield>
        </datafield>
        <datafield tag="337" ind1=" " ind2=" ">
            <subfield code="a">uformidlet</subfield>
            <subfield code="0">http://rdaregistry.info/termList/RDAMediaType/1007</subfield>
        </datafield>
        <datafield tag="338" ind1=" " ind2=" ">
            <subfield code="a">bind</subfield>
            <subfield code="0">http://rdaregistry.info/termList/RDACarrierType/1049</subfield>
        </datafield>
        <datafield tag="380" ind1=" " ind2=" ">
            <subfield code="a">Språkbasert verk</subfield>
            <subfield code="1">https://schema.nb.no/Bibliographic/Values/V1000</subfield>
        </datafield>
        <datafield tag="700" ind1="1" ind2=" ">
            <subfield code="a">Aldiss, Brian W.</subfield>
            <subfield code="d">1925-</subfield>
            <subfield code="4">ctb</subfield>
            <subfield code="0">(NO-TrBIB)90056060</subfield>
            <subfield code="1">http://viaf.org/viaf/2465493</subfield>
            <subfield code="4">http://rdaregistry.info/Elements/m/object/P30327</subfield>
        </datafield>
        <datafield tag="700" ind1="1" ind2=" ">
            <subfield code="a">Alexander, David</subfield>
            <subfield code="4">cb</subfield>
            <subfield code="0">(NO-TrBIB)90127249</subfield>
            <subfield code="4">ctb</subfield>
            <subfield code="1">http://viaf.org/viaf/66475206</subfield>
            <subfield code="4">http://rdaregistry.info/Elements/m/object/P30327</subfield>
        </datafield>
        <datafield tag="700" ind1="1" ind2=" ">
            <subfield code="a">Ballard, J. G.</subfield>
            <subfield code="d">1930-2009</subfield>
            <subfield code="4">ctb</subfield>
            <subfield code="0">(NO-TrBIB)90199005</subfield>
            <subfield code="4">ctb</subfield>
            <subfield code="1">http://viaf.org/viaf/9842556</subfield>
            <subfield code="4">http://rdaregistry.info/Elements/m/object/P30327</subfield>
        </datafield>
        <datafield tag="700" ind1="1" ind2=" ">
            <subfield code="a">Brunner, John</subfield>
            <subfield code="d">1934-1995</subfield>
            <subfield code="0">(NO-TrBIB)90763497</subfield>
            <subfield code="4">ctb</subfield>
            <subfield code="1">http://viaf.org/viaf/103212466</subfield>
            <subfield code="4">http://rdaregistry.info/Elements/m/object/P30327</subfield>
        </datafield>
        <datafield tag="700" ind1="1" ind2=" ">
            <subfield code="a">Hill, Douglas</subfield>
            <subfield code="4">edt</subfield>
            <subfield code="0">(NO-TrBIB)90844817</subfield>
            <subfield code="4">edt</subfield>
            <subfield code="4">edc</subfield>
            <subfield code="1">http://viaf.org/viaf/102014804</subfield>
            <subfield code="4">http://rdaregistry.info/Elements/m/object/P30267</subfield>
        </datafield>
        <datafield tag="700" ind1="1" ind2=" ">
            <subfield code="a">Hillman, Martin</subfield>
            <subfield code="4">ctb</subfield>
            <subfield code="0">(NO-TrBIB)14004306</subfield>
            <subfield code="4">ctb</subfield>
            <subfield code="1">http://viaf.org/viaf/755149068352865730003</subfield>
            <subfield code="4">http://rdaregistry.info/Elements/m/object/P30327</subfield>
        </datafield>
        <datafield tag="700" ind1="1" ind2=" ">
            <subfield code="a">Sellings, Arthur</subfield>
            <subfield code="4">ctb</subfield>
            <subfield code="0">(NO-TrBIB)12061623</subfield>
            <subfield code="4">ctb</subfield>
            <subfield code="1">http://viaf.org/viaf/78470190</subfield>
            <subfield code="4">http://rdaregistry.info/Elements/m/object/P30327</subfield>
        </datafield>
        <datafield tag="700" ind1="1" ind2=" ">
            <subfield code="a">Tubb, E. C.</subfield>
            <subfield code="4">ctb</subfield>
            <subfield code="0">(NO-TrBIB)90916487</subfield>
            <subfield code="4">ctb</subfield>
            <subfield code="1">http://viaf.org/viaf/295452826</subfield>
            <subfield code="4">http://rdaregistry.info/Elements/m/object/P30327</subfield>
        </datafield>
    </record>