
    <record>
        <leader>02003cam a22003017a 4500</leader>
        <controlfield tag="001">12064432</controlfield>
        <controlfield tag="003">SE-LIBR</controlfield>
        <controlfield tag="005">20101222091206.0</controlfield>
        <controlfield tag="008">101222s2010    enk    er     000 f eng c</controlfield>
        <datafield tag="020" ind1=" " ind2=" ">
            <subfield code="a">0-434-02104-0 (hbk)</subfield>
        </datafield>
        <datafield tag="020" ind1=" " ind2=" ">
            <subfield code="a">0-434-02105-9 (pbk)</subfield>
        </datafield>
        <datafield tag="020" ind1=" " ind2=" ">
            <subfield code="a">978-0-434-02104-8 (hbk)</subfield>
        </datafield>
        <datafield tag="020" ind1=" " ind2=" ">
            <subfield code="a">978-0-434-02105-5 (pbk)</subfield>
        </datafield>
        <datafield tag="082" ind1="0" ind2="4">
            <subfield code="a">813.6</subfield>
            <subfield code="2">22</subfield>
        </datafield>
        <datafield tag="100" ind1="1" ind2=" ">
            <subfield code="a">Coupland, Douglas</subfield>
            <subfield code="1">http://viaf.org/viaf/84536439</subfield>
            <subfield code="4">http://rdaregistry.info/Elements/w/object/P10061</subfield>
        </datafield>
        <datafield tag="240" ind1=" " ind2=" ">
            <subfield code="a">Player One</subfield>
            <subfield code="1">http://viaf.org/viaf/4283154260563724480007</subfield>
        </datafield>
        <datafield tag="245" ind1="1" ind2="0">
            <subfield code="a">Player One :</subfield>
            <subfield code="b">what is to become of us; a novel in five hours /</subfield>
            <subfield code="c">by Douglas Coupland</subfield>
        </datafield>
        <datafield tag="260" ind1=" " ind2=" ">
            <subfield code="a">London :</subfield>
            <subfield code="b">William Heinemann,</subfield>
            <subfield code="c">2010</subfield>
        </datafield>
        <datafield tag="300" ind1=" " ind2=" ">
            <subfield code="a">246 pages ;</subfield>
            <subfield code="c">22 cm.</subfield>
        </datafield>
        <datafield tag="336" ind1=" " ind2=" ">
            <subfield code="a">tekst</subfield>
            <subfield code="0">http://rdaregistry.info/termList/RDAContentType/1020</subfield>
        </datafield>
        <datafield tag="337" ind1=" " ind2=" ">
            <subfield code="a">uformidlet</subfield>
            <subfield code="0">http://rdaregistry.info/termList/RDAMediaType/1007</subfield>
        </datafield>
        <datafield tag="338" ind1=" " ind2=" ">
            <subfield code="a">bind</subfield>
            <subfield code="0">http://rdaregistry.info/termList/RDACarrierType/1049</subfield>
        </datafield>
        <datafield tag="380" ind1=" " ind2=" ">
            <subfield code="a">Språkbasert verk</subfield>
            <subfield code="1">https://schema.nb.no/Bibliographic/Values/V1000</subfield>
        </datafield>
        <datafield tag="520" ind1=" " ind2=" ">
            <subfield code="a">This is a real-time five-hour story set in an airport cocktail lounge during a global disaster. Five disparate people are trapped inside: Karen, a single mother waiting for her online date; Rick, the down-on-his-luck airport lounge bartender; Luke, a pastor on the run; Rachel, a cool Hitchcock blonde incapable of true human contact; and finally a mysterious voice known as Player One. Slowly, each reveals the truth about themselves while the world as they know it comes to an end. In the tradition of Kurt Vonnegut and J.G. Ballard, Coupland explores the modern crises of time, human identity, society, religion and the afterlife. The book asks as many questions as it answers and readers will leave the story with no doubt that we are in a new phase of existence as a species o and that there is no turning back.</subfield>
        </datafield>
    </record>