
    <record>
        <leader>01898 am a2200373ui 4500</leader>
        <controlfield tag="001">006742115</controlfield>
        <controlfield tag="003">UK</controlfield>
        <controlfield tag="005">20160601115100.0</controlfield>
        <controlfield tag="008">761113s1976    enkac   |     001 | eng  </controlfield>
        <datafield tag="020" ind1=" " ind2=" ">
            <subfield code="a">090522003X :</subfield>
            <subfield code="c">£3.75</subfield>
        </datafield>
        <datafield tag="020" ind1=" " ind2=" ">
            <subfield code="a">0905220048</subfield>
        </datafield>
        <datafield tag="082" ind1="0" ind2="4">
            <subfield code="a">823/.9/14</subfield>
            <subfield code="2">18</subfield>
        </datafield>
        <datafield tag="082" ind1="0" ind2="4">
            <subfield code="a">823/.914</subfield>
            <subfield code="2">19</subfield>
        </datafield>
        <datafield tag="130" ind1="0" ind2="0">
            <subfield code="a">J.G. Ballard, the first twenty years</subfield>
            <subfield code="1">http://viaf.org/viaf/9408966/jgballard</subfield>
        </datafield>
        <datafield tag="245" ind1="0" ind2="0">
            <subfield code="a">J.G. Ballard, the first twenty years /</subfield>
            <subfield code="c">edited and compiled by James Goddard &amp; David Pringle ; with illustrations by Carol Gregory.</subfield>
        </datafield>
        <datafield tag="260" ind1=" " ind2=" ">
            <subfield code="a">Hayes (91 Wimborne Ave., Hayes, Middlesex) :</subfield>
            <subfield code="b">Bran's Head Books Ltd,</subfield>
            <subfield code="c">1976.</subfield>
        </datafield>
        <datafield tag="300" ind1=" " ind2=" ">
            <subfield code="a">[10],76,[24]p. :</subfield>
            <subfield code="b">illustrations, 1port. ;</subfield>
            <subfield code="c">22cm.</subfield>
        </datafield>
        <datafield tag="336" ind1=" " ind2=" ">
            <subfield code="a">text</subfield>
            <subfield code="2">rdacontent</subfield>
            <subfield code="0">http://rdaregistry.info/termList/RDAContentType/1020</subfield>
        </datafield>
        <datafield tag="337" ind1=" " ind2=" ">
            <subfield code="a">unmediated</subfield>
            <subfield code="2">rdamedia</subfield>
            <subfield code="0">http://rdaregistry.info/termList/RDAMediaType/1007</subfield>
        </datafield>
        <datafield tag="338" ind1=" " ind2=" ">
            <subfield code="a">volume</subfield>
            <subfield code="2">rdacarrier</subfield>
            <subfield code="0">http://rdaregistry.info/termList/RDACarrierType/1049</subfield>
        </datafield>
        <datafield tag="504" ind1=" " ind2=" ">
            <subfield code="a">Includes bibliographies and index.</subfield>
        </datafield>
        <datafield tag="505" ind1="0" ind2=" ">
            <subfield code="a">Includes: 'An interview with J.G. Ballard'.</subfield>
        </datafield>
        <datafield tag="600" ind1="1" ind2="0">
            <subfield code="a">Ballard, J. G.</subfield>
            <subfield code="d">1930-2009</subfield>
            <subfield code="x">Criticism and interpretation</subfield>
            <subfield code="1">http://viaf.org/viaf/9842556</subfield>
        </datafield>
        <datafield tag="700" ind1="1" ind2=" ">
            <subfield code="a">Ballard, J. G.</subfield>
            <subfield code="d">1930-2009</subfield>
            <subfield code="4">att</subfield>
            <subfield code="4">ive</subfield>
            <subfield code="1">http://viaf.org/viaf/9842556</subfield>
            <subfield code="4">http://rdaregistry.info/Elements/w/object/P10059</subfield>
        </datafield>
        <datafield tag="700" ind1="1" ind2=" ">
            <subfield code="a">Goddard, James</subfield>
            <subfield code="4">edt</subfield>
            <subfield code="4">edc</subfield>
            <subfield code="1">http://viaf.org/viaf/9408966</subfield>
            <subfield code="4">http://rdaregistry.info/Elements/m/object/P30267</subfield>
        </datafield>
        <datafield tag="700" ind1="1" ind2=" ">
            <subfield code="a">Gregory, Carol</subfield>
            <subfield code="4">ill</subfield>
            <subfield code="1">http://viaf.org/viaf/296601530</subfield>
        </datafield>
        <datafield tag="700" ind1="1" ind2=" ">
            <subfield code="a">Pringle, David</subfield>
            <subfield code="d">1950-</subfield>
            <subfield code="4">edt</subfield>
            <subfield code="4">edc</subfield>
            <subfield code="1">http://viaf.org/viaf/22226089</subfield>
            <subfield code="4">http://rdaregistry.info/Elements/m/object/P30267</subfield>
        </datafield>
    </record>