
    <record>
        <leader>02701nam a2200553 c 4500</leader>
        <controlfield tag="001">1101800941</controlfield>
        <controlfield tag="003">DE-101</controlfield>
        <controlfield tag="005">20160603030137.0</controlfield>
        <controlfield tag="007">tu</controlfield>
        <controlfield tag="008">160526s2014    xxk||||| |||| 00||||eng  </controlfield>
        <datafield tag="016" ind1="7" ind2=" ">
            <subfield code="2">DE-101</subfield>
            <subfield code="a">1101800941</subfield>
        </datafield>
        <datafield tag="020" ind1=" " ind2=" ">
            <subfield code="a">1349325953</subfield>
            <subfield code="9">1-349-32595-3</subfield>
        </datafield>
        <datafield tag="020" ind1=" " ind2=" ">
            <subfield code="a">9781349325955</subfield>
            <subfield code="c">Book : EUR 85.59 (DE) (freier Preis), EUR 87.99 (AT) (freier Preis), sfr 88.00 (freier Preis)</subfield>
            <subfield code="9">978-1-349-32595-5</subfield>
        </datafield>
        <datafield tag="024" ind1="3" ind2=" ">
            <subfield code="a">9781349325955</subfield>
        </datafield>
        <datafield tag="028" ind1="5" ind2="2">
            <subfield code="a">Bestellnummer: 86503235</subfield>
        </datafield>
        <datafield tag="028" ind1="5" ind2="2">
            <subfield code="a">Bestellnummer: 978-1-349-32595-5</subfield>
        </datafield>
        <datafield tag="041" ind1=" " ind2=" ">
            <subfield code="a">eng</subfield>
        </datafield>
        <datafield tag="082" ind1="7" ind2="4">
            <subfield code="8">1\p</subfield>
            <subfield code="a">830</subfield>
            <subfield code="a">B</subfield>
            <subfield code="q">DE-101</subfield>
            <subfield code="2">23sdnb</subfield>
        </datafield>
        <datafield tag="130" ind1="0" ind2="0">
            <subfield code="a">J. G. Ballard : Visions and Revisions</subfield>
            <subfield code="1">http://viaf.org/viaf/11777409/jgballardvisionsandrevisions</subfield>
        </datafield>
        <datafield tag="245" ind1="0" ind2="0">
            <subfield code="a">J. G. Ballard: Visions and Revisions</subfield>
        </datafield>
        <datafield tag="250" ind1=" " ind2=" ">
            <subfield code="a">1st ed. 2012</subfield>
        </datafield>
        <datafield tag="259" ind1=" " ind2=" ">
            <subfield code="a">11st</subfield>
        </datafield>
        <datafield tag="264" ind1=" " ind2="1">
            <subfield code="a">London</subfield>
            <subfield code="b">Palgrave Macmillan UK</subfield>
            <subfield code="b">Palgrave Macmillan</subfield>
            <subfield code="c">2014</subfield>
        </datafield>
        <datafield tag="300" ind1=" " ind2=" ">
            <subfield code="a">X, 255 Seiten in 1 Teil</subfield>
            <subfield code="c">21.6 cm x 14 cm, 0 g</subfield>
        </datafield>
        <datafield tag="336" ind1=" " ind2=" ">
            <subfield code="a">Text</subfield>
            <subfield code="b">txt</subfield>
            <subfield code="2">rdacontent</subfield>
            <subfield code="0">http://rdaregistry.info/termList/RDAContentType/1020</subfield>
        </datafield>
        <datafield tag="337" ind1=" " ind2=" ">
            <subfield code="a">ohne Hilfsmittel zu benutzen</subfield>
            <subfield code="b">n</subfield>
            <subfield code="2">rdamedia</subfield>
            <subfield code="0">http://rdaregistry.info/termList/RDAMediaType/1007</subfield>
        </datafield>
        <datafield tag="338" ind1=" " ind2=" ">
            <subfield code="a">Band</subfield>
            <subfield code="b">nc</subfield>
            <subfield code="2">rdacarrier</subfield>
            <subfield code="0">http://rdaregistry.info/termList/RDACarrierType/1049</subfield>
        </datafield>
        <datafield tag="600" ind1="1" ind2="0">
            <subfield code="a">Ballard, J. G.</subfield>
            <subfield code="d">1930-2009</subfield>
            <subfield code="x">Criticism and interpretation</subfield>
            <subfield code="1">http://viaf.org/viaf/9842556</subfield>
        </datafield>
        <datafield tag="700" ind1="1" ind2=" ">
            <subfield code="a">Baxter, John</subfield>
            <subfield code="e">Herausgeber</subfield>
            <subfield code="4">edt</subfield>
            <subfield code="4">edc</subfield>
            <subfield code="1">http://viaf.org/viaf/11777409</subfield>
            <subfield code="4">http://rdaregistry.info/Elements/m/object/P30267</subfield>
        </datafield>
        <datafield tag="700" ind1="1" ind2=" ">
            <subfield code="a">Wymer, Rowland</subfield>
            <subfield code="e">Herausgeber</subfield>
            <subfield code="4">edt</subfield>
            <subfield code="4">edc</subfield>
            <subfield code="1">http://viaf.org/viaf/24709110</subfield>
            <subfield code="4">http://rdaregistry.info/Elements/m/object/P30267</subfield>
        </datafield>
        <datafield tag="776" ind1="0" ind2="8">
            <subfield code="i">Erscheint auch als</subfield>
            <subfield code="n">Druck-Ausgabe</subfield>
            <subfield code="z">9780230278127</subfield>
        </datafield>
    </record>