
    <record>
        <leader>01182cam a22002537a 4500</leader>
        <controlfield tag="001">12497278</controlfield>
        <controlfield tag="003">SE-LIBR</controlfield>
        <controlfield tag="005">20120224124337.0</controlfield>
        <controlfield tag="008">120123s2011    enka     b    001 0beng c</controlfield>
        <datafield tag="020" ind1=" " ind2=" ">
            <subfield code="a">0-297-86352-5</subfield>
        </datafield>
        <datafield tag="020" ind1=" " ind2=" ">
            <subfield code="a">978-0-297-86352-6</subfield>
        </datafield>
        <datafield tag="082" ind1="0" ind2="4">
            <subfield code="a">823.914</subfield>
            <subfield code="2">22</subfield>
        </datafield>
        <datafield tag="100" ind1="1" ind2=" ">
            <subfield code="a">Baxter, John</subfield>
            <subfield code="d">1939-</subfield>
            <subfield code="0">259991</subfield>
            <subfield code="1">http://viaf.org/viaf/114972993</subfield>
            <subfield code="4">http://rdaregistry.info/Elements/w/object/P10061</subfield>
        </datafield>
        <datafield tag="240" ind1=" " ind2=" ">
            <subfield code="a">The inner man : the life of J.G. Ballard</subfield>
            <subfield code="1">http://viaf.org/viaf/114972993/theinnerman</subfield>
        </datafield>
        <datafield tag="245" ind1="0" ind2="4">
            <subfield code="a">The inner man :</subfield>
            <subfield code="b">the life of J.G. Ballard /</subfield>
            <subfield code="c">John Baxter</subfield>
        </datafield>
        <datafield tag="260" ind1=" " ind2=" ">
            <subfield code="a">London :</subfield>
            <subfield code="b">Weidenfeld and Nicolson,</subfield>
            <subfield code="c">2011</subfield>
        </datafield>
        <datafield tag="300" ind1=" " ind2=" ">
            <subfield code="a">377 pages, [16] pages of plates :</subfield>
            <subfield code="b">illustrations (some color) ;</subfield>
            <subfield code="c">24 cm.</subfield>
        </datafield>
        <datafield tag="336" ind1=" " ind2=" ">
            <subfield code="a">text</subfield>
            <subfield code="b">txt</subfield>
            <subfield code="2">rdacontent</subfield>
            <subfield code="0">http://rdaregistry.info/termList/RDAContentType/1020</subfield>
        </datafield>
        <datafield tag="337" ind1=" " ind2=" ">
            <subfield code="a">unmediated</subfield>
            <subfield code="b">n</subfield>
            <subfield code="2">rdamedia</subfield>
            <subfield code="0">http://rdaregistry.info/termList/RDAMediaType/1007</subfield>
        </datafield>
        <datafield tag="338" ind1=" " ind2=" ">
            <subfield code="a">volume</subfield>
            <subfield code="b">nc</subfield>
            <subfield code="2">rdacarrier</subfield>
            <subfield code="0">http://rdaregistry.info/termList/RDACarrierType/1049</subfield>
        </datafield>
        <datafield tag="600" ind1="1" ind2="0">
            <subfield code="a">Ballard, J. G.</subfield>
            <subfield code="d">1930-2009</subfield>
            <subfield code="1">http://viaf.org/viaf/9842556</subfield>
        </datafield>
    </record>