
    <record>
        <leader>02957cam a22004337c 4500</leader>
        <controlfield tag="001">991345119214702201</controlfield>
        <controlfield tag="003">BIBSYS</controlfield>
        <controlfield tag="005">20220112090836.0</controlfield>
        <controlfield tag="007">ta</controlfield>
        <controlfield tag="008">150206s1970    xx |||||||||||000|||eng|d</controlfield>
        <datafield tag="020" ind1=" " ind2=" ">
            <subfield code="a">0583118089</subfield>
            <subfield code="q">h.</subfield>
        </datafield>
        <datafield tag="245" ind1="0" ind2="0">
            <subfield code="a">SF the best of the best :</subfield>
            <subfield code="b">Part two</subfield>
            <subfield code="c">Edited by Judith Merril</subfield>
        </datafield>
        <datafield tag="260" ind1=" " ind2=" ">
            <subfield code="a">London</subfield>
            <subfield code="b">Mayflower</subfield>
            <subfield code="c">1970</subfield>
        </datafield>
        <datafield tag="300" ind1=" " ind2=" ">
            <subfield code="a">221 s.</subfield>
        </datafield>
        <datafield tag="336" ind1=" " ind2=" ">
            <subfield code="a">tekst</subfield>
            <subfield code="0">http://rdaregistry.info/termList/RDAContentType/1020</subfield>
        </datafield>
        <datafield tag="337" ind1=" " ind2=" ">
            <subfield code="a">uformidlet</subfield>
            <subfield code="0">http://rdaregistry.info/termList/RDAMediaType/1007</subfield>
        </datafield>
        <datafield tag="338" ind1=" " ind2=" ">
            <subfield code="a">bind</subfield>
            <subfield code="0">http://rdaregistry.info/termList/RDACarrierType/1049</subfield>
        </datafield>
        <datafield tag="380" ind1=" " ind2=" ">
            <subfield code="a">Språkbasert verk</subfield>
            <subfield code="1">https://schema.nb.no/Bibliographic/Values/V1000</subfield>
        </datafield>
        <datafield tag="490" ind1="1" ind2=" ">
            <subfield code="a">SF the best of the best</subfield>
            <subfield code="v">2</subfield>
        </datafield>
        <datafield tag="700" ind1="1" ind2=" ">
            <subfield code="a">Aldiss, Brian W.</subfield>
            <subfield code="d">1925-</subfield>
            <subfield code="4">ctb</subfield>
            <subfield code="0">(NO-TrBIB)90056060</subfield>
            <subfield code="1">http://viaf.org/viaf/2465493</subfield>
            <subfield code="4">http://rdaregistry.info/Elements/m/object/P30327</subfield>
        </datafield>
        <datafield tag="700" ind1="1" ind2=" ">
            <subfield code="a">Allen, Steve</subfield>
            <subfield code="0">(NO-TrBIB)11017809</subfield>
            <subfield code="4">ctb</subfield>
            <subfield code="4">http://rdaregistry.info/Elements/m/object/P30327</subfield>
        </datafield>
        <datafield tag="700" ind1="1" ind2=" ">
            <subfield code="a">Asimov, Isaac</subfield>
            <subfield code="d">1920-1992</subfield>
            <subfield code="0">(NO-TrBIB)90104376</subfield>
            <subfield code="4">ctb</subfield>
            <subfield code="1">http://viaf.org/viaf/24597135</subfield>
            <subfield code="4">http://rdaregistry.info/Elements/m/object/P30327</subfield>
        </datafield>
        <datafield tag="700" ind1="1" ind2=" ">
            <subfield code="a">Ballard, J. G.</subfield>
            <subfield code="d">1930-2009</subfield>
            <subfield code="0">(NO-TrBIB)90199005</subfield>
            <subfield code="4">ctb</subfield>
            <subfield code="1">http://viaf.org/viaf/9842556</subfield>
            <subfield code="4">http://rdaregistry.info/Elements/m/object/P30327</subfield>
        </datafield>
        <datafield tag="700" ind1="1" ind2=" ">
            <subfield code="a">Bryam, George</subfield>
            <subfield code="0">(NO-TrBIB)13071823</subfield>
            <subfield code="4">ctb</subfield>
            <subfield code="4">http://rdaregistry.info/Elements/m/object/P30327</subfield>
        </datafield>
        <datafield tag="700" ind1="1" ind2=" ">
            <subfield code="a">Budrys, Algis</subfield>
            <subfield code="d">1931-</subfield>
            <subfield code="0">(NO-TrBIB)12064560</subfield>
            <subfield code="4">ctb</subfield>
            <subfield code="1">http://viaf.org/viaf/93054017</subfield>
            <subfield code="4">http://rdaregistry.info/Elements/m/object/P30327</subfield>
        </datafield>
        <datafield tag="700" ind1="1" ind2=" ">
            <subfield code="a">Clifton, Mark</subfield>
            <subfield code="0">(NO-TrBIB)90246771</subfield>
            <subfield code="4">ctb</subfield>
            <subfield code="4">http://rdaregistry.info/Elements/m/object/P30327</subfield>
        </datafield>
        <datafield tag="700" ind1="1" ind2=" ">
            <subfield code="a">Cogswell, Theodore R.</subfield>
            <subfield code="0">(NO-TrBIB)13002069</subfield>
            <subfield code="4">ctb</subfield>
            <subfield code="4">http://rdaregistry.info/Elements/m/object/P30327</subfield>
        </datafield>
        <datafield tag="700" ind1="1" ind2=" ">
            <subfield code="a">Davidson, Avram</subfield>
            <subfield code="0">(NO-TrBIB)13000919</subfield>
            <subfield code="4">ctb</subfield>
            <subfield code="4">http://rdaregistry.info/Elements/m/object/P30327</subfield>
        </datafield>
        <datafield tag="700" ind1="1" ind2=" ">
            <subfield code="a">Emshwiller, Carol</subfield>
            <subfield code="d">1921-</subfield>
            <subfield code="0">(NO-TrBIB)13020578</subfield>
            <subfield code="4">ctb</subfield>
            <subfield code="4">http://rdaregistry.info/Elements/m/object/P30327</subfield>
        </datafield>
        <datafield tag="700" ind1="1" ind2=" ">
            <subfield code="a">Gehman, Richard</subfield>
            <subfield code="0">(NO-TrBIB)13071822</subfield>
            <subfield code="4">ctb</subfield>
            <subfield code="4">http://rdaregistry.info/Elements/m/object/P30327</subfield>
        </datafield>
        <datafield tag="700" ind1="1" ind2=" ">
            <subfield code="a">Jackson, Shirley</subfield>
            <subfield code="d">1916-1965</subfield>
            <subfield code="0">(NO-TrBIB)1533887371795</subfield>
            <subfield code="4">ctb</subfield>
            <subfield code="4">http://rdaregistry.info/Elements/m/object/P30327</subfield>
        </datafield>
        <datafield tag="700" ind1="1" ind2=" ">
            <subfield code="a">Knight, Damon</subfield>
            <subfield code="0">(NO-TrBIB)90762006</subfield>
            <subfield code="4">ctb</subfield>
            <subfield code="1">http://viaf.org/viaf/62070456</subfield>
            <subfield code="4">http://rdaregistry.info/Elements/m/object/P30327</subfield>
        </datafield>
        <datafield tag="700" ind1="1" ind2=" ">
            <subfield code="a">Leiber, Fritz</subfield>
            <subfield code="d">1910-1992</subfield>
            <subfield code="0">(NO-TrBIB)90705550</subfield>
            <subfield code="4">ctb</subfield>
            <subfield code="1">http://viaf.org/viaf/36920990</subfield>
            <subfield code="4">http://rdaregistry.info/Elements/m/object/P30327</subfield>
        </datafield>
        <datafield tag="700" ind1="1" ind2=" ">
            <subfield code="a">Merril, Judith</subfield>
            <subfield code="4">edt</subfield>
            <subfield code="4">edc</subfield>
            <subfield code="0">(NO-TrBIB)8036947</subfield>
            <subfield code="1">http://viaf.org/viaf/84170355</subfield>
            <subfield code="4">http://rdaregistry.info/Elements/m/object/P30267</subfield>
        </datafield>
        <datafield tag="700" ind1="1" ind2=" ">
            <subfield code="a">Sheckley, Robert</subfield>
            <subfield code="0">(NO-TrBIB)90222749</subfield>
            <subfield code="4">ctb</subfield>
            <subfield code="1">http://viaf.org/viaf/59089266</subfield>
            <subfield code="4">http://rdaregistry.info/Elements/m/object/P30327</subfield>
        </datafield>
        <datafield tag="700" ind1="1" ind2=" ">
            <subfield code="a">Worthington, Will</subfield>
            <subfield code="0">(NO-TrBIB)13071824</subfield>
            <subfield code="4">ctb</subfield>
            <subfield code="4">http://rdaregistry.info/Elements/m/object/P30327</subfield>
        </datafield>
        <datafield tag="830" ind1=" " ind2="0">
            <subfield code="a">SF the best of the best</subfield>
            <subfield code="v">2</subfield>
        </datafield>
    </record>