
    <record>
        <leader>01918cam a22004577a 4500</leader>
        <controlfield tag="001">9345173</controlfield>
        <controlfield tag="003">SE-LIBR</controlfield>
        <controlfield tag="005">20181030230000.0</controlfield>
        <controlfield tag="008">040201s2004    xxk|||||||||||000 0|eng|c</controlfield>
        <datafield tag="016" ind1="7" ind2=" ">
            <subfield code="a">0826473504</subfield>
            <subfield code="2">Uk</subfield>
        </datafield>
        <datafield tag="020" ind1=" " ind2=" ">
            <subfield code="a">0826473490</subfield>
            <subfield code="q">hardback</subfield>
        </datafield>
        <datafield tag="020" ind1=" " ind2=" ">
            <subfield code="a">0826473504</subfield>
            <subfield code="q">PBK.</subfield>
            <subfield code="c">£14.99</subfield>
        </datafield>
        <datafield tag="041" ind1=" " ind2=" ">
            <subfield code="a">eng</subfield>
        </datafield>
        <datafield tag="082" ind1="0" ind2="4">
            <subfield code="a">823.91409</subfield>
            <subfield code="2">22</subfield>
        </datafield>
        <datafield tag="100" ind1="1" ind2=" ">
            <subfield code="a">Tew, Philip</subfield>
            <subfield code="4">aut</subfield>
            <subfield code="1">http://viaf.org/viaf/51908413</subfield>
            <subfield code="4">http://rdaregistry.info/Elements/w/object/P10061</subfield>
        </datafield>
        <datafield tag="240" ind1=" " ind2=" ">
            <subfield code="a">The contemporary British novel</subfield>
            <subfield code="1">http://viaf.org/viaf/3432155708697122580002</subfield>
        </datafield>
        <datafield tag="245" ind1="1" ind2="4">
            <subfield code="a">The contemporary British novel /</subfield>
            <subfield code="c">Philip Tew.</subfield>
        </datafield>
        <datafield tag="264" ind1=" " ind2="1">
            <subfield code="a">New York :</subfield>
            <subfield code="b">Continuum,</subfield>
            <subfield code="c">2004</subfield>
        </datafield>
        <datafield tag="300" ind1=" " ind2=" ">
            <subfield code="a">xv, 205 s.</subfield>
            <subfield code="c">22 cm</subfield>
        </datafield>
        <datafield tag="336" ind1=" " ind2=" ">
            <subfield code="a">tekst</subfield>
            <subfield code="0">http://rdaregistry.info/termList/RDAContentType/1020</subfield>
        </datafield>
        <datafield tag="337" ind1=" " ind2=" ">
            <subfield code="a">uformidlet</subfield>
            <subfield code="0">http://rdaregistry.info/termList/RDAMediaType/1007</subfield>
        </datafield>
        <datafield tag="338" ind1=" " ind2=" ">
            <subfield code="a">bind</subfield>
            <subfield code="0">http://rdaregistry.info/termList/RDACarrierType/1049</subfield>
        </datafield>
        <datafield tag="380" ind1=" " ind2=" ">
            <subfield code="a">Språkbasert verk</subfield>
            <subfield code="1">https://schema.nb.no/Bibliographic/Values/V1000</subfield>
        </datafield>
        <datafield tag="500" ind1=" " ind2=" ">
            <subfield code="5">Mo</subfield>
            <subfield code="a">engelska</subfield>
        </datafield>
        <datafield tag="520" ind1="8" ind2=" ">
            <subfield code="5">Mo</subfield>
            <subfield code="a">Analys: Martin Amis ; J.G Ballard ; A.S Byatt ; Jonathan Coe ; Angela Carter ; Jim Grace ; John Fowles ; Kazuo Ishiguro ; James Kelman ; A.L Kennedy ; Hanif Kureishi ; Toby Litt ; Ian McEwan ; Caryl Phillips ; Salman Rushdie ; Iain Sinclair ; Zadie Smith ; Will Self ; Jeanette Winterson</subfield>
        </datafield>
    </record>