
    <record>
        <leader>02952pam a2200649 c 4500</leader>
        <controlfield tag="001">1117097005</controlfield>
        <controlfield tag="003">DE-101</controlfield>
        <controlfield tag="005">20200515012320.0</controlfield>
        <controlfield tag="007">tu</controlfield>
        <controlfield tag="008">161026s2016    gw ||||| |||| 00||||ger  </controlfield>
        <datafield tag="016" ind1="7" ind2=" ">
            <subfield code="2">DE-101</subfield>
            <subfield code="a">1117097005</subfield>
        </datafield>
        <datafield tag="020" ind1=" " ind2=" ">
            <subfield code="a">3944720792</subfield>
            <subfield code="9">3-944720-79-2</subfield>
        </datafield>
        <datafield tag="020" ind1=" " ind2=" ">
            <subfield code="a">9783944720791</subfield>
            <subfield code="c">Broschur : EUR 24.90 (DE), EUR 25.60 (AT)</subfield>
            <subfield code="9">978-3-944720-79-1</subfield>
        </datafield>
        <datafield tag="020" ind1=" " ind2=" ">
            <subfield code="a">9783948616304</subfield>
            <subfield code="q">Memoranda</subfield>
            <subfield code="c">Broschur : EUR 24.90 (DE), EUR 25.60 (AT)</subfield>
            <subfield code="9">978-3-948616-30-4</subfield>
        </datafield>
        <datafield tag="024" ind1="3" ind2=" ">
            <subfield code="a">9783944720791</subfield>
        </datafield>
        <datafield tag="041" ind1=" " ind2=" ">
            <subfield code="a">ger</subfield>
        </datafield>
        <datafield tag="082" ind1="0" ind2="4">
            <subfield code="8">2\u</subfield>
            <subfield code="a">823.914</subfield>
            <subfield code="q">DE-101</subfield>
            <subfield code="2">22/ger</subfield>
        </datafield>
        <datafield tag="083" ind1="7" ind2=" ">
            <subfield code="a">820</subfield>
            <subfield code="q">DE-101</subfield>
            <subfield code="2">23sdnb</subfield>
        </datafield>
        <datafield tag="085" ind1=" " ind2=" ">
            <subfield code="8">2\u</subfield>
            <subfield code="b">823</subfield>
        </datafield>
        <datafield tag="090" ind1=" " ind2=" ">
            <subfield code="a">b</subfield>
        </datafield>
        <datafield tag="100" ind1="1" ind2=" ">
            <subfield code="0">(DE-588)129154946</subfield>
            <subfield code="0">https://d-nb.info/gnd/129154946</subfield>
            <subfield code="0">(DE-101)129154946</subfield>
            <subfield code="a">Frey, Hans</subfield>
            <subfield code="d">1949-</subfield>
            <subfield code="e">Verfasser</subfield>
            <subfield code="4">aut</subfield>
            <subfield code="2">gnd</subfield>
            <subfield code="1">https://d-nb.info/gnd/129154946</subfield>
            <subfield code="4">http://rdaregistry.info/Elements/w/object/P10061</subfield>
        </datafield>
        <datafield tag="240" ind1=" " ind2=" ">
            <subfield code="a">J. G. Ballard : Science Fiction als Paradoxon</subfield>
            <subfield code="1">https://d-nb.info/gnd/129154946/jgballard</subfield>
        </datafield>
        <datafield tag="245" ind1="1" ind2="0">
            <subfield code="a">J. G. Ballard</subfield>
            <subfield code="b">Science Fiction als Paradoxon</subfield>
            <subfield code="c">Hans Frey</subfield>
        </datafield>
        <datafield tag="264" ind1=" " ind2="1">
            <subfield code="a">Berlin</subfield>
            <subfield code="b">Memoranda</subfield>
            <subfield code="c">[2016]</subfield>
        </datafield>
        <datafield tag="300" ind1=" " ind2=" ">
            <subfield code="a">417 Seiten</subfield>
            <subfield code="b">Illustrationen</subfield>
            <subfield code="c">21 cm</subfield>
        </datafield>
        <datafield tag="336" ind1=" " ind2=" ">
            <subfield code="a">tekst</subfield>
            <subfield code="0">http://rdaregistry.info/termList/RDAContentType/1020</subfield>
        </datafield>
        <datafield tag="337" ind1=" " ind2=" ">
            <subfield code="a">uformidlet</subfield>
            <subfield code="0">http://rdaregistry.info/termList/RDAMediaType/1007</subfield>
        </datafield>
        <datafield tag="338" ind1=" " ind2=" ">
            <subfield code="a">bind</subfield>
            <subfield code="0">http://rdaregistry.info/termList/RDACarrierType/1049</subfield>
        </datafield>
        <datafield tag="380" ind1=" " ind2=" ">
            <subfield code="a">Språkbasert verk</subfield>
            <subfield code="1">https://schema.nb.no/Bibliographic/Values/V1000</subfield>
        </datafield>
        <datafield tag="490" ind1="1" ind2=" ">
            <subfield code="a">SF Personality</subfield>
            <subfield code="v">25</subfield>
        </datafield>
        <datafield tag="600" ind1="1" ind2="7">
            <subfield code="0">(DE-588)118656929</subfield>
            <subfield code="0">https://d-nb.info/gnd/118656929</subfield>
            <subfield code="0">(DE-101)118656929</subfield>
            <subfield code="a">Ballard, J. G.</subfield>
            <subfield code="d">1930-2009</subfield>
            <subfield code="9">rswk-swf</subfield>
            <subfield code="2">gnd</subfield>
            <subfield code="1">http://viaf.org/viaf/9842556</subfield>
        </datafield>
        <datafield tag="689" ind1="0" ind2=" ">
            <subfield code="5">DE-101</subfield>
            <subfield code="5">DE-101</subfield>
        </datafield>
        <datafield tag="689" ind1="0" ind2="0">
            <subfield code="0">(DE-588)118656929</subfield>
            <subfield code="0">https://d-nb.info/gnd/118656929</subfield>
            <subfield code="0">(DE-101)118656929</subfield>
            <subfield code="D">p</subfield>
            <subfield code="a">Ballard, J. G.</subfield>
            <subfield code="d">1930-2009</subfield>
        </datafield>
        <datafield tag="710" ind1="2" ind2=" ">
            <subfield code="8">1\p</subfield>
            <subfield code="0">(DE-588)1065426577</subfield>
            <subfield code="0">https://d-nb.info/gnd/1065426577</subfield>
            <subfield code="0">(DE-101)1065426577</subfield>
            <subfield code="a">Golkonda Verlag</subfield>
            <subfield code="e">Verlag</subfield>
            <subfield code="4">pbl</subfield>
            <subfield code="2">gnd</subfield>
        </datafield>
        <datafield tag="776" ind1="0" ind2="8">
            <subfield code="i">Erscheint auch als</subfield>
            <subfield code="n">Online-Ausgabe</subfield>
            <subfield code="a">Frey, Hans, 1949-</subfield>
            <subfield code="t">J. G. Ballard - Science Fiction als Paradoxon</subfield>
            <subfield code="d">Berlin : Golkonda Verlag, 2016</subfield>
            <subfield code="h">Online-Ressource</subfield>
            <subfield code="w">(DE-101)1119334462</subfield>
        </datafield>
        <datafield tag="830" ind1=" " ind2="0">
            <subfield code="a">SF Personality</subfield>
            <subfield code="v">25</subfield>
            <subfield code="w">(DE-101)975901540</subfield>
            <subfield code="w">(DE-600)2197943-1</subfield>
            <subfield code="9">225</subfield>
            <subfield code="7">as</subfield>
        </datafield>
    </record>