
    <record>
        <leader>01952cam a22003378a 4500</leader>
        <controlfield tag="001">9510423</controlfield>
        <controlfield tag="003">SE-LIBR</controlfield>
        <controlfield tag="005">20181030230000.0</controlfield>
        <controlfield tag="008">040526s2005    xxu||||||b||||001 0|eng|c</controlfield>
        <datafield tag="010" ind1=" " ind2=" ">
            <subfield code="a">2004011715</subfield>
        </datafield>
        <datafield tag="020" ind1=" " ind2=" ">
            <subfield code="a">0415345626</subfield>
            <subfield code="q">cloth : alk. paper</subfield>
        </datafield>
        <datafield tag="020" ind1=" " ind2=" ">
            <subfield code="a">0415345634</subfield>
            <subfield code="q">pbk. : alk. paper</subfield>
        </datafield>
        <datafield tag="041" ind1=" " ind2=" ">
            <subfield code="a">eng</subfield>
        </datafield>
        <datafield tag="082" ind1="0" ind2="0">
            <subfield code="a">801/.3</subfield>
            <subfield code="2">22</subfield>
        </datafield>
        <datafield tag="100" ind1="1" ind2=" ">
            <subfield code="a">Tighe, Carl</subfield>
            <subfield code="d">1950-</subfield>
            <subfield code="4">aut</subfield>
            <subfield code="1">http://viaf.org/viaf/27118274</subfield>
            <subfield code="4">http://rdaregistry.info/Elements/w/object/P10061</subfield>
        </datafield>
        <datafield tag="240" ind1=" " ind2=" ">
            <subfield code="a">Writing and responsibility</subfield>
            <subfield code="1">http://viaf.org/viaf/27118274/writingandresponsibility</subfield>
        </datafield>
        <datafield tag="245" ind1="1" ind2="0">
            <subfield code="a">Writing and responsibility /</subfield>
            <subfield code="c">Carl Tighe.</subfield>
        </datafield>
        <datafield tag="264" ind1=" " ind2="1">
            <subfield code="a">New York :</subfield>
            <subfield code="b">Routledge,</subfield>
            <subfield code="c">2005</subfield>
        </datafield>
        <datafield tag="300" ind1=" " ind2=" ">
            <subfield code="a">165 s.</subfield>
        </datafield>
        <datafield tag="336" ind1=" " ind2=" ">
            <subfield code="a">tekst</subfield>
            <subfield code="0">http://rdaregistry.info/termList/RDAContentType/1020</subfield>
        </datafield>
        <datafield tag="337" ind1=" " ind2=" ">
            <subfield code="a">uformidlet</subfield>
            <subfield code="0">http://rdaregistry.info/termList/RDAMediaType/1007</subfield>
        </datafield>
        <datafield tag="338" ind1=" " ind2=" ">
            <subfield code="a">bind</subfield>
            <subfield code="0">http://rdaregistry.info/termList/RDACarrierType/1049</subfield>
        </datafield>
        <datafield tag="380" ind1=" " ind2=" ">
            <subfield code="a">Språkbasert verk</subfield>
            <subfield code="1">https://schema.nb.no/Bibliographic/Values/V1000</subfield>
        </datafield>
        <datafield tag="504" ind1=" " ind2=" ">
            <subfield code="a">Includes bibliographical references and index.</subfield>
        </datafield>
        <datafield tag="505" ind1="8" ind2=" ">
            <subfield code="a">Introduction -- Tradition -- Power -- Accuracy -- Kitsch -- Censorship -- Political correctness -- New kinds of sex: J.G. Ballard, crash -- Sex, satire, and sadism: Bret Easton Ellis, American psycho -- Faking a life: Binjamin Wilkomirski, Fragments -- Between Poland and Germany: Gunter Grass, The tin drum -- African reality: Wole Soyinka, 'The writer in a modern African state' -- Witches of Croatia: Dubravka Ugresic, The culture of lies.</subfield>
        </datafield>
    </record>