
    <record>
        <leader>02061cam a2200445 i 4500</leader>
        <controlfield tag="001">w6xjchp9tss1dgfs</controlfield>
        <controlfield tag="003">SE-LIBR</controlfield>
        <controlfield tag="005">20200610131606.0</controlfield>
        <controlfield tag="008">190417s2019    sw |||||||||||000 f|swe|d</controlfield>
        <datafield tag="020" ind1=" " ind2=" ">
            <subfield code="a">9789198499759</subfield>
            <subfield code="q">häftad</subfield>
        </datafield>
        <datafield tag="041" ind1="1" ind2=" ">
            <subfield code="a">swe</subfield>
            <subfield code="h">eng</subfield>
        </datafield>
        <datafield tag="082" ind1="0" ind2="4">
            <subfield code="a">823</subfield>
            <subfield code="2">22 (machine generated)</subfield>
        </datafield>
        <datafield tag="100" ind1="1" ind2=" ">
            <subfield code="a">Ballard, J. G.</subfield>
            <subfield code="d">1930-2009</subfield>
            <subfield code="4">aut</subfield>
            <subfield code="0">https://libris.kb.se/dbqssg6x38zr5cn#it</subfield>
            <subfield code="1">http://viaf.org/viaf/9842556</subfield>
            <subfield code="4">http://rdaregistry.info/Elements/w/object/P10061</subfield>
        </datafield>
        <datafield tag="240" ind1="1" ind2="0">
            <subfield code="a">Crash</subfield>
            <subfield code="1">http://viaf.org/viaf/305922109</subfield>
        </datafield>
        <datafield tag="245" ind1="1" ind2="0">
            <subfield code="a">Crash /</subfield>
            <subfield code="c">J. G. Ballard ; översättning: Daniel Pedersen.</subfield>
        </datafield>
        <datafield tag="264" ind1=" " ind2="1">
            <subfield code="a">Stockholm :</subfield>
            <subfield code="b">Bokförlaget Faethon,</subfield>
            <subfield code="c">2019</subfield>
        </datafield>
        <datafield tag="300" ind1=" " ind2=" ">
            <subfield code="a">255 sidor</subfield>
            <subfield code="c">21 cm</subfield>
        </datafield>
        <datafield tag="336" ind1=" " ind2=" ">
            <subfield code="a">text</subfield>
            <subfield code="b">txt</subfield>
            <subfield code="2">rdacontent</subfield>
            <subfield code="0">http://rdaregistry.info/termList/RDAContentType/1020</subfield>
        </datafield>
        <datafield tag="337" ind1=" " ind2=" ">
            <subfield code="a">unmediated</subfield>
            <subfield code="b">n</subfield>
            <subfield code="2">rdamedia</subfield>
            <subfield code="0">http://rdaregistry.info/termList/RDAMediaType/1007</subfield>
        </datafield>
        <datafield tag="338" ind1=" " ind2=" ">
            <subfield code="a">volume</subfield>
            <subfield code="b">nc</subfield>
            <subfield code="2">rdacarrier</subfield>
            <subfield code="0">http://rdaregistry.info/termList/RDACarrierType/1049</subfield>
        </datafield>
        <datafield tag="380" ind1=" " ind2=" ">
            <subfield code="a">Novel</subfield>
        </datafield>
        <datafield tag="500" ind1=" " ind2=" ">
            <subfield code="a">Första svenska upplaga 2019</subfield>
        </datafield>
        <datafield tag="700" ind1="1" ind2=" ">
            <subfield code="a">Pedersen, Daniel</subfield>
            <subfield code="d">1978-</subfield>
            <subfield code="4">trl</subfield>
            <subfield code="0">https://libris.kb.se/vs69gvgd4qtj446#it</subfield>
            <subfield code="4">http://rdaregistry.info/Elements/e/object/P20037</subfield>
        </datafield>
    </record>