
    <record>
        <leader>03344pam a2200625 c 4500</leader>
        <controlfield tag="001">981383270</controlfield>
        <controlfield tag="003">DE-101</controlfield>
        <controlfield tag="005">20171202010935.0</controlfield>
        <controlfield tag="007">tu</controlfield>
        <controlfield tag="008">060928s2006    gw ||||| |||| 00||||eng  </controlfield>
        <datafield tag="016" ind1="7" ind2=" ">
            <subfield code="2">DE-101</subfield>
            <subfield code="a">981383270</subfield>
        </datafield>
        <datafield tag="020" ind1=" " ind2=" ">
            <subfield code="a">3825352803</subfield>
            <subfield code="c">Pp. : EUR 42.00</subfield>
            <subfield code="9">3-8253-5280-3</subfield>
        </datafield>
        <datafield tag="020" ind1=" " ind2=" ">
            <subfield code="a">9783825352806</subfield>
            <subfield code="c">Pp. : EUR 42.00</subfield>
            <subfield code="9">978-3-8253-5280-6</subfield>
        </datafield>
        <datafield tag="024" ind1="3" ind2=" ">
            <subfield code="a">9783825352806</subfield>
        </datafield>
        <datafield tag="041" ind1=" " ind2=" ">
            <subfield code="a">eng</subfield>
        </datafield>
        <datafield tag="082" ind1="7" ind2="4">
            <subfield code="a">820</subfield>
            <subfield code="q">DE-101</subfield>
            <subfield code="2">22sdnb</subfield>
        </datafield>
        <datafield tag="090" ind1=" " ind2=" ">
            <subfield code="a">b</subfield>
        </datafield>
        <datafield tag="245" ind1="0" ind2="0">
            <subfield code="a">Fantastic body transformations in English literature</subfield>
            <subfield code="c">ed. by Sabine Coelsch-Foisner. Assistant ed. Sarah Herbe ...</subfield>
        </datafield>
        <datafield tag="264" ind1=" " ind2="1">
            <subfield code="a">Heidelberg</subfield>
            <subfield code="b">Winter</subfield>
            <subfield code="c">2006</subfield>
        </datafield>
        <datafield tag="300" ind1=" " ind2=" ">
            <subfield code="a">304 S.</subfield>
            <subfield code="b">Ill.</subfield>
            <subfield code="c">24 cm</subfield>
        </datafield>
        <datafield tag="336" ind1=" " ind2=" ">
            <subfield code="a">Text</subfield>
            <subfield code="b">txt</subfield>
            <subfield code="2">rdacontent</subfield>
            <subfield code="0">http://rdaregistry.info/termList/RDAContentType/1020</subfield>
        </datafield>
        <datafield tag="337" ind1=" " ind2=" ">
            <subfield code="a">ohne Hilfsmittel zu benutzen</subfield>
            <subfield code="b">n</subfield>
            <subfield code="2">rdamedia</subfield>
            <subfield code="0">http://rdaregistry.info/termList/RDAMediaType/1007</subfield>
        </datafield>
        <datafield tag="338" ind1=" " ind2=" ">
            <subfield code="a">Band</subfield>
            <subfield code="b">nc</subfield>
            <subfield code="2">rdacarrier</subfield>
            <subfield code="0">http://rdaregistry.info/termList/RDACarrierType/1049</subfield>
        </datafield>
        <datafield tag="490" ind1="1" ind2=" ">
            <subfield code="a">Wissenschaft und Kunst</subfield>
            <subfield code="v">Bd. 4</subfield>
        </datafield>
        <datafield tag="689" ind1="0" ind2=" ">
            <subfield code="5">DE-101</subfield>
            <subfield code="5">DE-101</subfield>
        </datafield>
        <datafield tag="689" ind1="0" ind2="0">
            <subfield code="0">(DE-588)4014777-0</subfield>
            <subfield code="0">https://d-nb.info/gnd/4014777-0</subfield>
            <subfield code="0">(DE-101)040147770</subfield>
            <subfield code="D">s</subfield>
            <subfield code="a">Englisch</subfield>
        </datafield>
        <datafield tag="689" ind1="0" ind2="1">
            <subfield code="0">(DE-588)4035964-5</subfield>
            <subfield code="0">https://d-nb.info/gnd/4035964-5</subfield>
            <subfield code="0">(DE-101)040359646</subfield>
            <subfield code="D">s</subfield>
            <subfield code="a">Literatur</subfield>
        </datafield>
        <datafield tag="689" ind1="0" ind2="2">
            <subfield code="0">(DE-588)4045673-0</subfield>
            <subfield code="0">https://d-nb.info/gnd/4045673-0</subfield>
            <subfield code="0">(DE-101)040456730</subfield>
            <subfield code="D">s</subfield>
            <subfield code="a">&#x98;Das&#x9c; Fantastische</subfield>
        </datafield>
        <datafield tag="689" ind1="0" ind2="3">
            <subfield code="0">(DE-588)4164424-4</subfield>
            <subfield code="0">https://d-nb.info/gnd/4164424-4</subfield>
            <subfield code="0">(DE-101)041644247</subfield>
            <subfield code="D">s</subfield>
            <subfield code="a">Körper</subfield>
            <subfield code="g">Motiv</subfield>
        </datafield>
        <datafield tag="689" ind1="0" ind2="4">
            <subfield code="0">(DE-588)4169647-5</subfield>
            <subfield code="0">https://d-nb.info/gnd/4169647-5</subfield>
            <subfield code="0">(DE-101)041696476</subfield>
            <subfield code="D">s</subfield>
            <subfield code="a">Metamorphose</subfield>
            <subfield code="g">Motiv</subfield>
        </datafield>
        <datafield tag="689" ind1="0" ind2="5">
            <subfield code="A">f</subfield>
            <subfield code="a">Kongress 2005</subfield>
        </datafield>
        <datafield tag="700" ind1="1" ind2=" ">
            <subfield code="0">(DE-588)118138197</subfield>
            <subfield code="0">https://d-nb.info/gnd/118138197</subfield>
            <subfield code="0">(DE-101)118138197</subfield>
            <subfield code="a">Coelsch-Foisner, Sabine</subfield>
            <subfield code="d">1960-</subfield>
            <subfield code="e">Herausgeber</subfield>
            <subfield code="4">edt</subfield>
            <subfield code="2">gnd</subfield>
            <subfield code="4">http://rdaregistry.info/Elements/m/object/P30267</subfield>
        </datafield>
        <datafield tag="830" ind1=" " ind2="0">
            <subfield code="a">Wissenschaft und Kunst</subfield>
            <subfield code="v">Bd. 4</subfield>
            <subfield code="w">(DE-101)975447866</subfield>
            <subfield code="w">(DE-600)2193197-5</subfield>
            <subfield code="9">14</subfield>
            <subfield code="7">as</subfield>
        </datafield>
    </record>