
    <record>
        <leader>01868nam a2200373 c 4500</leader>
        <controlfield tag="001">821181262</controlfield>
        <controlfield tag="003">DE-101</controlfield>
        <controlfield tag="005">20171202074429.0</controlfield>
        <controlfield tag="007">tu</controlfield>
        <controlfield tag="008">820930s1982    gw ||||| |||| 00||||ger  </controlfield>
        <datafield tag="016" ind1="7" ind2=" ">
            <subfield code="2">DE-101</subfield>
            <subfield code="a">821181262</subfield>
        </datafield>
        <datafield tag="020" ind1=" " ind2=" ">
            <subfield code="a">3518373331</subfield>
            <subfield code="c">kart. : DM 9.00</subfield>
            <subfield code="9">3-518-37333-1</subfield>
        </datafield>
        <datafield tag="020" ind1=" " ind2=" ">
            <subfield code="a">9783518373330</subfield>
            <subfield code="c">kart. : DM 9.00</subfield>
            <subfield code="9">978-3-518-37333-0</subfield>
        </datafield>
        <datafield tag="041" ind1=" " ind2=" ">
            <subfield code="a">ger</subfield>
        </datafield>
        <datafield tag="100" ind1="1" ind2=" ">
            <subfield code="0">(DE-588)118656929</subfield>
            <subfield code="0">https://d-nb.info/gnd/118656929</subfield>
            <subfield code="0">(DE-101)118656929</subfield>
            <subfield code="a">Ballard, J. G.</subfield>
            <subfield code="d">1930-2009</subfield>
            <subfield code="e">Verfasser</subfield>
            <subfield code="4">aut</subfield>
            <subfield code="2">gnd</subfield>
            <subfield code="1">http://viaf.org/viaf/9842556</subfield>
            <subfield code="4">http://rdaregistry.info/Elements/w/object/P10061</subfield>
        </datafield>
        <datafield tag="245" ind1="1" ind2="0">
            <subfield code="a">Die tausend Träume von Stellavista und andere Vermilion-Sands-Stories</subfield>
            <subfield code="c">J. G. Ballard. [Aus d. Engl. von Alfred Scholz]</subfield>
        </datafield>
        <datafield tag="250" ind1=" " ind2=" ">
            <subfield code="a">1. Aufl.</subfield>
        </datafield>
        <datafield tag="259" ind1=" " ind2=" ">
            <subfield code="a">11</subfield>
        </datafield>
        <datafield tag="264" ind1=" " ind2="1">
            <subfield code="a">[Frankfurt (Main)]</subfield>
            <subfield code="b">Suhrkamp</subfield>
            <subfield code="c">1982</subfield>
        </datafield>
        <datafield tag="300" ind1=" " ind2=" ">
            <subfield code="a">201 S.</subfield>
            <subfield code="c">18 cm</subfield>
        </datafield>
        <datafield tag="336" ind1=" " ind2=" ">
            <subfield code="a">Text</subfield>
            <subfield code="b">txt</subfield>
            <subfield code="2">rdacontent</subfield>
            <subfield code="0">http://rdaregistry.info/termList/RDAContentType/1020</subfield>
        </datafield>
        <datafield tag="337" ind1=" " ind2=" ">
            <subfield code="a">ohne Hilfsmittel zu benutzen</subfield>
            <subfield code="b">n</subfield>
            <subfield code="2">rdamedia</subfield>
            <subfield code="0">http://rdaregistry.info/termList/RDAMediaType/1007</subfield>
        </datafield>
        <datafield tag="338" ind1=" " ind2=" ">
            <subfield code="a">Band</subfield>
            <subfield code="b">nc</subfield>
            <subfield code="2">rdacarrier</subfield>
            <subfield code="0">http://rdaregistry.info/termList/RDACarrierType/1049</subfield>
        </datafield>
        <datafield tag="490" ind1="1" ind2=" ">
            <subfield code="a">Phantastische Bibliothek</subfield>
            <subfield code="v">Bd. 79</subfield>
        </datafield>
        <datafield tag="490" ind1="1" ind2=" ">
            <subfield code="a">Suhrkamp Taschenbuch</subfield>
            <subfield code="v">833</subfield>
        </datafield>
        <datafield tag="500" ind1=" " ind2=" ">
            <subfield code="a">Lizenz d. v.-Schröder-Verl., Hamburg, Düsseldorf</subfield>
        </datafield>
        <datafield tag="700" ind1="1" ind2="2">
            <subfield code="a">Ballard, J. G.</subfield>
            <subfield code="d">1930-2009</subfield>
            <subfield code="2">gnd</subfield>
            <subfield code="t">Vermilion Sands</subfield>
            <subfield code="g">dt</subfield>
            <subfield code="1">http://viaf.org/viaf/307991538</subfield>
        </datafield>
        <datafield tag="700" ind1="1" ind2="2">
            <subfield code="a">Scholz, Alfred</subfield>
            <subfield code="4">trl</subfield>
            <subfield code="1">http://viaf.org/viaf/1660159234598103372119</subfield>
            <subfield code="4">http://rdaregistry.info/Elements/e/object/P20037</subfield>
        </datafield>
        <datafield tag="830" ind1=" " ind2="0">
            <subfield code="a">Phantastische Bibliothek</subfield>
            <subfield code="v">Bd. 79</subfield>
            <subfield code="w">(DE-101)012995118</subfield>
            <subfield code="w">(DE-600)547149-7</subfield>
            <subfield code="9">279</subfield>
            <subfield code="7">as</subfield>
        </datafield>
        <datafield tag="830" ind1=" " ind2="0">
            <subfield code="a">Suhrkamp Taschenbuch</subfield>
            <subfield code="v">833</subfield>
            <subfield code="w">(DE-101)015103463</subfield>
            <subfield code="w">(DE-600)968207-7</subfield>
            <subfield code="9">3833</subfield>
            <subfield code="7">as</subfield>
        </datafield>
    </record>