
    <record>
        <leader>03539cam a22005293i 4500</leader>
        <controlfield tag="001">21606474</controlfield>
        <controlfield tag="003">SE-LIBR</controlfield>
        <controlfield tag="005">20171009113731.0</controlfield>
        <controlfield tag="007">cr |||   |||||         </controlfield>
        <controlfield tag="008">170926s2017    gw |||||o|||||000 0|eng|c</controlfield>
        <datafield tag="020" ind1=" " ind2=" ">
            <subfield code="a">9783319615486</subfield>
        </datafield>
        <datafield tag="020" ind1=" " ind2=" ">
            <subfield code="z">9783319615479 (Print)</subfield>
        </datafield>
        <datafield tag="024" ind1="7" ind2=" ">
            <subfield code="a">10.1007/978-3-319-61548-6</subfield>
            <subfield code="2">doi</subfield>
        </datafield>
        <datafield tag="041" ind1=" " ind2=" ">
            <subfield code="a">eng</subfield>
        </datafield>
        <datafield tag="082" ind1="0" ind2="4">
            <subfield code="a">809.04</subfield>
            <subfield code="2">23</subfield>
        </datafield>
        <datafield tag="100" ind1="1" ind2=" ">
            <subfield code="a">Hammond, Andrew.</subfield>
            <subfield code="4">aut</subfield>
            <subfield code="1">http://viaf.org/viaf/100332406</subfield>
            <subfield code="4">http://rdaregistry.info/Elements/w/object/P10061</subfield>
        </datafield>
        <datafield tag="240" ind1=" " ind2=" ">
            <subfield code="a">Cold War Stories</subfield>
            <subfield code="1">http://viaf.org/viaf/100332406/coldwarstories</subfield>
        </datafield>
        <datafield tag="245" ind1="1" ind2="0">
            <subfield code="a">Cold War Stories</subfield>
            <subfield code="b">British Dystopian Fiction, 1945-1990 /</subfield>
            <subfield code="c">by Andrew Hammond.</subfield>
        </datafield>
        <datafield tag="264" ind1=" " ind2="1">
            <subfield code="a">Cham :</subfield>
            <subfield code="b">Springer International Publishing :</subfield>
            <subfield code="b">Imprint: Palgrave Macmillan,</subfield>
            <subfield code="c">2017</subfield>
        </datafield>
        <datafield tag="300" ind1=" " ind2=" ">
            <subfield code="a">V, 168 pages</subfield>
            <subfield code="b">online resource.</subfield>
        </datafield>
        <datafield tag="336" ind1=" " ind2=" ">
            <subfield code="a">text</subfield>
            <subfield code="b">txt</subfield>
            <subfield code="2">rdacontent</subfield>
            <subfield code="0">http://rdaregistry.info/termList/RDAContentType/1020</subfield>
        </datafield>
        <datafield tag="337" ind1=" " ind2=" ">
            <subfield code="a">computer</subfield>
            <subfield code="b">c</subfield>
            <subfield code="2">rdamedia</subfield>
            <subfield code="0">http://rdaregistry.info/termList/RDAMediaType/1003</subfield>
        </datafield>
        <datafield tag="338" ind1=" " ind2=" ">
            <subfield code="a">online resource</subfield>
            <subfield code="b">cr</subfield>
            <subfield code="2">rdacarrier</subfield>
            <subfield code="0">http://rdaregistry.info/termList/RDACarrierType/1018</subfield>
        </datafield>
        <datafield tag="336" ind1=" " ind2=" ">
            <subfield code="a">tekst</subfield>
            <subfield code="0">http://rdaregistry.info/termList/RDAContentType/1020</subfield>
        </datafield>
        <datafield tag="337" ind1=" " ind2=" ">
            <subfield code="a">datamaskin</subfield>
            <subfield code="0">http://rdaregistry.info/termList/RDAMediaType/1003</subfield>
        </datafield>
        <datafield tag="338" ind1=" " ind2=" ">
            <subfield code="a">online ressurs</subfield>
            <subfield code="0">http://rdaregistry.info/termList/RDACarrierType/1018</subfield>
        </datafield>
        <datafield tag="380" ind1=" " ind2=" ">
            <subfield code="a">Språkbasert verk</subfield>
            <subfield code="1">https://schema.nb.no/Bibliographic/Values/V1000</subfield>
        </datafield>
        <datafield tag="347" ind1=" " ind2=" ">
            <subfield code="a">text file</subfield>
            <subfield code="b">PDF</subfield>
        </datafield>
        <datafield tag="505" ind1="8" ind2=" ">
            <subfield code="a">1. Introduction -- 2. Cold War Anxieties -- 3. A Weakened Nation -- 4. The Art of Dystopia.</subfield>
        </datafield>
        <datafield tag="520" ind1=" " ind2=" ">
            <subfield code="a">This book is the first comprehensive study of mainstream British dystopian fiction and the Cold War. Drawing on over 200 novels and collections of short stories, the monograph explores the ways in which dystopian texts charted the lived experiences of the period, offering an extended analysis of authors' concerns about the geopolitical present and anxieties about the national future. Amongst the topics addressed are the processes of Cold War (autocracy, militarism, propaganda, intelligence, nuclear technologies), the decline of Britain's standing in global politics and the reduced status of intellectual culture in Cold War Britain. Although the focus is on dystopianism in the work of mainstream authors, including George Orwell, Doris Lessing, J.G. Ballard, Angela Carter and Anthony Burgess, a number of science-fiction novels are also discussed, making the book relevant to a wide range of researchers and students of twentieth-century British literature.</subfield>
        </datafield>
        <datafield tag="710" ind1="2" ind2=" ">
            <subfield code="a">SpringerLink (Online service)</subfield>
        </datafield>
        <datafield tag="776" ind1="0" ind2="8">
            <subfield code="i">Printed edition:</subfield>
            <subfield code="t">Cold War Stories</subfield>
            <subfield code="z">9783319615479</subfield>
        </datafield>
    </record>