
    <record>
        <leader>03288pam a2200577 c 4500</leader>
        <controlfield tag="001">988466864</controlfield>
        <controlfield tag="003">DE-101</controlfield>
        <controlfield tag="005">20200826145245.0</controlfield>
        <controlfield tag="007">tu</controlfield>
        <controlfield tag="008">080428s2008    au ||||| |||| 00||||ger  </controlfield>
        <datafield tag="016" ind1="7" ind2=" ">
            <subfield code="2">DE-101</subfield>
            <subfield code="a">988466864</subfield>
        </datafield>
        <datafield tag="020" ind1=" " ind2=" ">
            <subfield code="a">9783852861661</subfield>
            <subfield code="c">Pp. : ca. EUR 19.90</subfield>
            <subfield code="9">978-3-85286-166-1</subfield>
        </datafield>
        <datafield tag="024" ind1="3" ind2=" ">
            <subfield code="a">9783852861661</subfield>
        </datafield>
        <datafield tag="041" ind1=" " ind2=" ">
            <subfield code="a">ger</subfield>
            <subfield code="h">eng</subfield>
        </datafield>
        <datafield tag="082" ind1="7" ind2="4">
            <subfield code="a">820</subfield>
            <subfield code="a">B</subfield>
            <subfield code="q">DE-101</subfield>
            <subfield code="2">22sdnb</subfield>
        </datafield>
        <datafield tag="090" ind1=" " ind2=" ">
            <subfield code="a">b</subfield>
        </datafield>
        <datafield tag="100" ind1="1" ind2=" ">
            <subfield code="0">(DE-588)118656929</subfield>
            <subfield code="0">https://d-nb.info/gnd/118656929</subfield>
            <subfield code="0">(DE-101)118656929</subfield>
            <subfield code="a">Ballard, J. G.</subfield>
            <subfield code="d">1930-2009</subfield>
            <subfield code="e">Verfasser</subfield>
            <subfield code="4">aut</subfield>
            <subfield code="2">gnd</subfield>
            <subfield code="1">http://viaf.org/viaf/9842556</subfield>
            <subfield code="4">http://rdaregistry.info/Elements/w/object/P10061</subfield>
        </datafield>
        <datafield tag="240" ind1="1" ind2="0">
            <subfield code="0">(DE-588)104576583X</subfield>
            <subfield code="0">https://d-nb.info/gnd/104576583X</subfield>
            <subfield code="0">(DE-101)104576583X</subfield>
            <subfield code="a">&#x98;The&#x9c; atrocity exhibition</subfield>
            <subfield code="2">gnd</subfield>
            <subfield code="1">http://viaf.org/viaf/182227002</subfield>
        </datafield>
        <datafield tag="245" ind1="1" ind2="0">
            <subfield code="a">Liebe &amp; Napalm</subfield>
            <subfield code="b">[Roman]</subfield>
            <subfield code="c">J. G. Ballard. Übers. von Carl Weissener. Mit einem Nachw. von Thomas Ballhausen und Thomas Edlinger</subfield>
        </datafield>
        <datafield tag="246" ind1="3" ind2=" ">
            <subfield code="a">Liebe und Napalm</subfield>
        </datafield>
        <datafield tag="264" ind1=" " ind2="1">
            <subfield code="a">Wien</subfield>
            <subfield code="b">Milena-Verl.</subfield>
            <subfield code="c">c 2008</subfield>
        </datafield>
        <datafield tag="300" ind1=" " ind2=" ">
            <subfield code="a">235 S.</subfield>
            <subfield code="c">21 cm</subfield>
        </datafield>
        <datafield tag="336" ind1=" " ind2=" ">
            <subfield code="a">Text</subfield>
            <subfield code="b">txt</subfield>
            <subfield code="2">rdacontent</subfield>
            <subfield code="0">http://rdaregistry.info/termList/RDAContentType/1020</subfield>
        </datafield>
        <datafield tag="337" ind1=" " ind2=" ">
            <subfield code="a">ohne Hilfsmittel zu benutzen</subfield>
            <subfield code="b">n</subfield>
            <subfield code="2">rdamedia</subfield>
            <subfield code="0">http://rdaregistry.info/termList/RDAMediaType/1007</subfield>
        </datafield>
        <datafield tag="338" ind1=" " ind2=" ">
            <subfield code="a">Band</subfield>
            <subfield code="b">nc</subfield>
            <subfield code="2">rdacarrier</subfield>
            <subfield code="0">http://rdaregistry.info/termList/RDACarrierType/1049</subfield>
        </datafield>
        <datafield tag="490" ind1="1" ind2=" ">
            <subfield code="a">Exquisite corpse</subfield>
            <subfield code="v">Bd. 2</subfield>
        </datafield>
        <datafield tag="689" ind1="0" ind2=" ">
            <subfield code="5">DE-101</subfield>
            <subfield code="5">DE-101</subfield>
        </datafield>
        <datafield tag="689" ind1="0" ind2="0">
            <subfield code="0">(DE-588)4074335-4</subfield>
            <subfield code="0">https://d-nb.info/gnd/4074335-4</subfield>
            <subfield code="0">(DE-101)040743357</subfield>
            <subfield code="D">g</subfield>
            <subfield code="a">London</subfield>
        </datafield>
        <datafield tag="689" ind1="0" ind2="1">
            <subfield code="0">(DE-588)4138163-4</subfield>
            <subfield code="0">https://d-nb.info/gnd/4138163-4</subfield>
            <subfield code="0">(DE-101)041381637</subfield>
            <subfield code="D">s</subfield>
            <subfield code="a">Psychiatrische Klinik</subfield>
        </datafield>
        <datafield tag="689" ind1="0" ind2="2">
            <subfield code="0">(DE-588)4003157-3</subfield>
            <subfield code="0">https://d-nb.info/gnd/4003157-3</subfield>
            <subfield code="0">(DE-101)040031578</subfield>
            <subfield code="D">s</subfield>
            <subfield code="a">Arzt</subfield>
        </datafield>
        <datafield tag="689" ind1="0" ind2="3">
            <subfield code="0">(DE-588)4052527-2</subfield>
            <subfield code="0">https://d-nb.info/gnd/4052527-2</subfield>
            <subfield code="0">(DE-101)040525279</subfield>
            <subfield code="D">s</subfield>
            <subfield code="a">Schizophrenie</subfield>
        </datafield>
        <datafield tag="689" ind1="0" ind2="4">
            <subfield code="A">f</subfield>
            <subfield code="a">Belletristische Darstellung</subfield>
        </datafield>
        <datafield tag="700" ind1="1" ind2=" ">
            <subfield code="0">(DE-588)107849410</subfield>
            <subfield code="0">https://d-nb.info/gnd/107849410</subfield>
            <subfield code="0">(DE-101)107849410</subfield>
            <subfield code="a">Weissner, Carl</subfield>
            <subfield code="d">1940-2012</subfield>
            <subfield code="e">Übersetzer</subfield>
            <subfield code="4">trl</subfield>
            <subfield code="2">gnd</subfield>
            <subfield code="4">http://rdaregistry.info/Elements/e/object/P20037</subfield>
            <subfield code="1">http://viaf.org/viaf/15298776</subfield>
        </datafield>
        <datafield tag="830" ind1=" " ind2="0">
            <subfield code="a">Exquisite corpse</subfield>
            <subfield code="v">Bd. 2</subfield>
            <subfield code="w">(DE-101)989486729</subfield>
            <subfield code="w">(DE-600)2435968-3</subfield>
            <subfield code="9">12</subfield>
            <subfield code="7">as</subfield>
        </datafield>
    </record>