
    <record>
        <leader>05217cam a2200529 a 4500</leader>
        <controlfield tag="001">dpvl408mbf7898hg</controlfield>
        <controlfield tag="003">SE-LIBR</controlfield>
        <controlfield tag="005">20191106123140.0</controlfield>
        <controlfield tag="008">190801s2012    nyu|||||||||||001 1|eng| </controlfield>
        <datafield tag="010" ind1=" " ind2=" ">
            <subfield code="a">2012013070</subfield>
        </datafield>
        <datafield tag="016" ind1="7" ind2=" ">
            <subfield code="a">016161812</subfield>
            <subfield code="2">Uk</subfield>
        </datafield>
        <datafield tag="020" ind1=" " ind2=" ">
            <subfield code="a">039334195X</subfield>
            <subfield code="q">(pbk.)</subfield>
        </datafield>
        <datafield tag="020" ind1=" " ind2=" ">
            <subfield code="a">9780393341959</subfield>
            <subfield code="q">(pbk.)</subfield>
        </datafield>
        <datafield tag="041" ind1=" " ind2=" ">
            <subfield code="a">eng</subfield>
        </datafield>
        <datafield tag="043" ind1=" " ind2=" ">
            <subfield code="a">n-us---</subfield>
        </datafield>
        <datafield tag="082" ind1="0" ind2="0">
            <subfield code="a">818.609</subfield>
            <subfield code="2">23</subfield>
        </datafield>
        <datafield tag="245" ind1="1" ind2="0">
            <subfield code="a">Fakes :</subfield>
            <subfield code="b">an anthology of pseudo-interviews, faux-lectures, quasi-letters, "found" texts, and other fraudulent artifacts /</subfield>
            <subfield code="c">edited by David Shields and Matthew Vollmer.</subfield>
        </datafield>
        <datafield tag="250" ind1=" " ind2=" ">
            <subfield code="a">1st ed.</subfield>
        </datafield>
        <datafield tag="264" ind1=" " ind2="1">
            <subfield code="a">New York :</subfield>
            <subfield code="b">W.W. Norton,</subfield>
            <subfield code="c">©2012</subfield>
        </datafield>
        <datafield tag="300" ind1=" " ind2=" ">
            <subfield code="a">361 pages</subfield>
            <subfield code="c">21 cm</subfield>
        </datafield>
        <datafield tag="336" ind1=" " ind2=" ">
            <subfield code="a">text</subfield>
            <subfield code="b">txt</subfield>
            <subfield code="2">rdacontent</subfield>
            <subfield code="0">http://rdaregistry.info/termList/RDAContentType/1020</subfield>
        </datafield>
        <datafield tag="337" ind1=" " ind2=" ">
            <subfield code="a">unmediated</subfield>
            <subfield code="b">n</subfield>
            <subfield code="2">rdamedia</subfield>
            <subfield code="0">http://rdaregistry.info/termList/RDAMediaType/1007</subfield>
        </datafield>
        <datafield tag="338" ind1=" " ind2=" ">
            <subfield code="a">volume</subfield>
            <subfield code="b">nc</subfield>
            <subfield code="2">rdacarrier</subfield>
            <subfield code="0">http://rdaregistry.info/termList/RDACarrierType/1049</subfield>
        </datafield>
        <datafield tag="380" ind1=" " ind2=" ">
            <subfield code="a">Fiction</subfield>
        </datafield>
        <datafield tag="504" ind1=" " ind2=" ">
            <subfield code="a">Includes bibliographical references and index.</subfield>
        </datafield>
        <datafield tag="505" ind1="8" ind2=" ">
            <subfield code="a">Learning how to fake it -- "Disclaimer" : disclaimer / David Means -- "I can speak!" : letter responding to complaint / George Saunders -- Some instructions to my wife concerning the upkeep of the house and marriage, and to my son and daughter concerning the conduct of their childhood (excerpt) : instructions/guidebook / Stanley Crawford -- "One thousand words on why you should not talk during a fire drill" : essay as punishment / Mark Halliday -- "Problems for self-study" : story problems / Charles Yu -- "Permission slip" : public address / Caron A. Levis -- "How to become a writer" : instructions / Lorrie Moore -- "The dead sister handbook-- a guide for sensitive boys (laconic method to near misses)" : glossary / Kevin Wilson -- "Interview with a moron" : interview / Elizabeth Stuckey-French -- "Reference #388475848-5" : letter to parking bureau / Amy Hempel -- "The explanation" : interview / Donald Barthelme -- Letters to Wendy's (excerpt) : comment cards / Joe Wenderoth -- "This is just to say that I'm tired of sharing an apartment with William Carlos Williams" : note / Laura Jayne Martin -- "Single woman for long walks on the beach" : personal ad / Ron Carlson -- "My beard, reviewed" : reviews / Chris Bachelder -- "The varieties of romantic experience-- an introduction" : lecture / Rob Cohen -- "Vis à vis love" : contract / Mieke Eerkens -- "Practice problem" : story problem / Joseph Salvatore -- "Officers weep" : police blotter / Daniel Orozco -- "Subtotals" : list / Greg Burnham -- "Our spring catalog : publisher's catalog / Jack Pendarvis -- "Reply all" : e-mail / Robin Hemley -- "Chaucer tweets the South by Southwest Festival" : twitter feed / Kari Anne Roy -- "Iconographic conventions of pre- and early Renaissance-- Italian representations of the flagellation of Christ" : academic essay / Rachel B. Glaser -- "The human side of instrumental transcommunication" : conference paper / Wendy Brenner -- "Class notes" : alumni newsletter / Lucas Cooper -- "Dear Stephen Hawking" : letter / Samantha Hunt -- "National treasures" : auction catalog / Charles McLeod -- "Discarded notions" : list / Matthew Williamson -- "Star Lake letters" : correspondence / Arda Collins -- "Life story" : compilation / David Shields -- "Instructions for extinction" : instructions / Melanie Rae Thon -- "Will &amp; testament" : will and testament / Matthew Vollmer -- "Letter to a funeral parlor" : letter / Lydia Davis -- "Acknowledgments" : author's acknowledgments / Paul Theroux -- "Primary sources" : works cited / Rick Moody -- "Contributor's note" : contributor's note / Michael Martone -- "The year's best fiction 2008-- the authors speak" : author's explanations / J. Robert Lennon -- "About the typefaces not used in this edition" : note on type / Jonathan Safran Foer -- "The index" : index / J.G. Ballard.</subfield>
        </datafield>
        <datafield tag="520" ind1=" " ind2=" ">
            <subfield code="a">Two writers and professors present 40 short pieces of fiction that serve as humorous counterfeit texts, including a personal ad from Ron Carlson, a parking department complaint from Amy Hempel, and a list of works cited from Rick Moody.</subfield>
        </datafield>
        <datafield tag="648" ind1=" " ind2="7">
            <subfield code="a">2000-2099</subfield>
            <subfield code="2">fast</subfield>
        </datafield>
        <datafield tag="700" ind1="1" ind2=" ">
            <subfield code="a">Shields, David</subfield>
            <subfield code="d">1956-</subfield>
            <subfield code="4">edt</subfield>
            <subfield code="4">http://rdaregistry.info/Elements/m/object/P30267</subfield>
        </datafield>
        <datafield tag="700" ind1="1" ind2=" ">
            <subfield code="a">Vollmer, Matthew</subfield>
            <subfield code="4">edt</subfield>
            <subfield code="4">http://rdaregistry.info/Elements/m/object/P30267</subfield>
        </datafield>
    </record>