
    <record>
        <leader>02107nam a22003135c 4500</leader>
        <controlfield tag="001">999920843280402201</controlfield>
        <controlfield tag="003">BIBSYS</controlfield>
        <controlfield tag="005">20191215064140.0</controlfield>
        <controlfield tag="007">ta</controlfield>
        <controlfield tag="008">190424s1979    xxk    | |||||00||0 eng|c</controlfield>
        <datafield tag="020" ind1=" " ind2=" ">
            <subfield code="a">0330258729</subfield>
            <subfield code="q">h.</subfield>
        </datafield>
        <datafield tag="245" ind1="1" ind2="0">
            <subfield code="a">Stars of Albion /</subfield>
            <subfield code="c">Edited by Robert Holdstock &amp; Christopher Priest</subfield>
        </datafield>
        <datafield tag="260" ind1=" " ind2=" ">
            <subfield code="a">London</subfield>
            <subfield code="b">Pan Books</subfield>
            <subfield code="c">1979</subfield>
        </datafield>
        <datafield tag="336" ind1=" " ind2=" ">
            <subfield code="a">text</subfield>
            <subfield code="b">txt</subfield>
            <subfield code="2">rdacontent</subfield>
            <subfield code="0">http://rdaregistry.info/termList/RDAContentType/1020</subfield>
        </datafield>
        <datafield tag="337" ind1=" " ind2=" ">
            <subfield code="a">unmediated</subfield>
            <subfield code="b">n</subfield>
            <subfield code="2">rdamedia</subfield>
            <subfield code="0">http://rdaregistry.info/termList/RDAMediaType/1007</subfield>
        </datafield>
        <datafield tag="338" ind1=" " ind2=" ">
            <subfield code="a">volume</subfield>
            <subfield code="b">nc</subfield>
            <subfield code="2">rdacarrier</subfield>
            <subfield code="0">http://rdaregistry.info/termList/RDACarrierType/1049</subfield>
        </datafield>
        <datafield tag="700" ind1="1" ind2=" ">
            <subfield code="a">Aldiss, Brian W.</subfield>
            <subfield code="d">1925-</subfield>
            <subfield code="4">ctb</subfield>
            <subfield code="0">(NO-TrBIB)90056060</subfield>
            <subfield code="1">http://viaf.org/viaf/2465493</subfield>
            <subfield code="4">http://rdaregistry.info/Elements/m/object/P30327</subfield>
        </datafield>
        <datafield tag="700" ind1="1" ind2=" ">
            <subfield code="a">Ballard, J. G.</subfield>
            <subfield code="d">1930-2009</subfield>
            <subfield code="0">(NO-TrBIB)90199005</subfield>
            <subfield code="4">ctb</subfield>
            <subfield code="1">http://viaf.org/viaf/9842556</subfield>
            <subfield code="4">http://rdaregistry.info/Elements/m/object/P30327</subfield>
        </datafield>
        <datafield tag="700" ind1="1" ind2=" ">
            <subfield code="a">Bayley, Barrington J.</subfield>
            <subfield code="0">(NO-TrBIB)12069567</subfield>
            <subfield code="4">ctb</subfield>
            <subfield code="1">http://viaf.org/viaf/84181241</subfield>
            <subfield code="4">http://rdaregistry.info/Elements/m/object/P30327</subfield>
        </datafield>
        <datafield tag="700" ind1="1" ind2=" ">
            <subfield code="a">Brunner, John</subfield>
            <subfield code="d">1934-1995</subfield>
            <subfield code="0">(NO-TrBIB)90763497</subfield>
            <subfield code="4">ctb</subfield>
            <subfield code="1">http://viaf.org/viaf/103212466</subfield>
            <subfield code="4">http://rdaregistry.info/Elements/m/object/P30327</subfield>
        </datafield>
        <datafield tag="700" ind1="1" ind2=" ">
            <subfield code="a">Garnett, David S.</subfield>
            <subfield code="0">(NO-TrBIB)13023439</subfield>
            <subfield code="4">ctb</subfield>
            <subfield code="4">http://rdaregistry.info/Elements/m/object/P30327</subfield>
        </datafield>
        <datafield tag="700" ind1="1" ind2=" ">
            <subfield code="a">Holdstock, Robert</subfield>
            <subfield code="0">(NO-TrBIB)13011258</subfield>
            <subfield code="4">edt</subfield>
            <subfield code="4">edc</subfield>
            <subfield code="4">http://rdaregistry.info/Elements/m/object/P30267</subfield>
        </datafield>
        <datafield tag="700" ind1="1" ind2=" ">
            <subfield code="a">Masson, David I.</subfield>
            <subfield code="0">(NO-TrBIB)2019380</subfield>
            <subfield code="4">ctb</subfield>
            <subfield code="4">http://rdaregistry.info/Elements/m/object/P30327</subfield>
        </datafield>
        <datafield tag="700" ind1="1" ind2=" ">
            <subfield code="a">Priest, Christopher</subfield>
            <subfield code="d">1943-</subfield>
            <subfield code="0">(NO-TrBIB)90107012</subfield>
            <subfield code="4">ctb</subfield>
            <subfield code="4">http://rdaregistry.info/Elements/m/object/P30327</subfield>
        </datafield>
        <datafield tag="700" ind1="1" ind2=" ">
            <subfield code="a">Roberts, Keith</subfield>
            <subfield code="d">1935-2000</subfield>
            <subfield code="0">(NO-TrBIB)6015507</subfield>
            <subfield code="4">edt</subfield>
            <subfield code="4">edc</subfield>
            <subfield code="4">http://rdaregistry.info/Elements/m/object/P30267</subfield>
        </datafield>
        <datafield tag="700" ind1="1" ind2=" ">
            <subfield code="a">Saxton, Josephine</subfield>
            <subfield code="0">(NO-TrBIB)13001132</subfield>
            <subfield code="4">ctb</subfield>
            <subfield code="4">http://rdaregistry.info/Elements/m/object/P30327</subfield>
        </datafield>
        <datafield tag="700" ind1="1" ind2=" ">
            <subfield code="a">Shaw, Bob</subfield>
            <subfield code="0">(NO-TrBIB)9069015</subfield>
            <subfield code="4">ctb</subfield>
            <subfield code="4">http://rdaregistry.info/Elements/m/object/P30327</subfield>
        </datafield>
        <datafield tag="700" ind1="1" ind2=" ">
            <subfield code="a">Watson, Ian</subfield>
            <subfield code="0">(NO-TrBIB)12030022</subfield>
            <subfield code="4">ctb</subfield>
            <subfield code="4">http://rdaregistry.info/Elements/m/object/P30327</subfield>
        </datafield>
    </record>