
    <record>
        <leader>00846cam a22001935a 4500</leader>
        <controlfield tag="001">20058579</controlfield>
        <controlfield tag="003">SE-LIBR</controlfield>
        <controlfield tag="005">20170216182631.0</controlfield>
        <controlfield tag="008">170216s2013    us |||||||||||00| 1|eng c</controlfield>
        <datafield tag="020" ind1=" " ind2=" ">
            <subfield code="a">9780871404206</subfield>
        </datafield>
        <datafield tag="100" ind1="1" ind2=" ">
            <subfield code="a">Ballard, J. G.</subfield>
            <subfield code="1">http://viaf.org/viaf/9842556</subfield>
            <subfield code="4">http://rdaregistry.info/Elements/w/object/P10061</subfield>
        </datafield>
        <datafield tag="240" ind1="1" ind2="0">
            <subfield code="a">Miracles of life</subfield>
            <subfield code="1">http://www.wikidata.org/entity/Q6872514</subfield>
        </datafield>
        <datafield tag="245" ind1="1" ind2="0">
            <subfield code="a">Miracles of Life: Shanghai to Shepperton, an Autobiography /</subfield>
            <subfield code="c">J. G. Ballard</subfield>
        </datafield>
        <datafield tag="260" ind1=" " ind2=" ">
            <subfield code="b">Liveright Publishing Corporation,</subfield>
            <subfield code="c">2013</subfield>
        </datafield>
        <datafield tag="300" ind1=" " ind2=" ">
            <subfield code="a">272 s. ;</subfield>
            <subfield code="c">2.3 cm</subfield>
        </datafield>
        <datafield tag="336" ind1=" " ind2=" ">
            <subfield code="a">text</subfield>
            <subfield code="b">txt</subfield>
            <subfield code="2">rdacontent</subfield>
            <subfield code="0">http://rdaregistry.info/termList/RDAContentType/1020</subfield>
        </datafield>
        <datafield tag="337" ind1=" " ind2=" ">
            <subfield code="a">unmediated</subfield>
            <subfield code="b">n</subfield>
            <subfield code="2">rdamedia</subfield>
            <subfield code="0">http://rdaregistry.info/termList/RDAMediaType/1007</subfield>
        </datafield>
        <datafield tag="338" ind1=" " ind2=" ">
            <subfield code="a">volume</subfield>
            <subfield code="b">nc</subfield>
            <subfield code="2">rdacarrier</subfield>
            <subfield code="0">http://rdaregistry.info/termList/RDACarrierType/1049</subfield>
        </datafield>
        <datafield tag="380" ind1=" " ind2=" ">
            <subfield code="a">Fiction</subfield>
        </datafield>
    </record>