
    <record>
        <leader>02168cgm a22004457c 4500</leader>
        <controlfield tag="001">991502280234702201</controlfield>
        <controlfield tag="003">BIBSYS</controlfield>
        <controlfield tag="005">20150202155614.0</controlfield>
        <controlfield tag="007">vd |v||||</controlfield>
        <controlfield tag="008">150202s2001    xx#|||||||||||q###v|eng|d</controlfield>
        <datafield tag="020" ind1=" " ind2=" ">
            <subfield code="a">9789058490674</subfield>
        </datafield>
        <datafield tag="130" ind1=" " ind2=" ">
            <subfield code="a">The Atrocity exhibition</subfield>
            <subfield code="1">https://www.imdb.com/title/tt0197256/</subfield>
        </datafield>
        <datafield tag="245" ind1="0" ind2="4">
            <subfield code="a">The Atrocity exhibition</subfield>
            <subfield code="c">director Jonathan Weiss</subfield>
        </datafield>
        <datafield tag="260" ind1=" " ind2=" ">
            <subfield code="a">Amsterdam</subfield>
            <subfield code="b">Filmfreak Distributie</subfield>
            <subfield code="c">2001</subfield>
        </datafield>
        <datafield tag="300" ind1=" " ind2=" ">
            <subfield code="a">1 videoplate (DVD-video) (105 min)</subfield>
            <subfield code="b">lyd, kol.</subfield>
            <subfield code="e">1 hefte</subfield>
        </datafield>
        <datafield tag="336" ind1=" " ind2=" ">
            <subfield code="a">todimensjonalt levende bilde</subfield>
            <subfield code="2">rdacontent</subfield>
            <subfield code="0">http://rdaregistry.info/termList/RDAContentType/1023</subfield>
        </datafield>
        <datafield tag="337" ind1=" " ind2=" ">
            <subfield code="a">video</subfield>
            <subfield code="2">rdamedia</subfield>
            <subfield code="0">http://rdaregistry.info/termList/RDAMediaType/1008</subfield>
        </datafield>
        <datafield tag="338" ind1=" " ind2=" ">
            <subfield code="a">videoplate</subfield>
            <subfield code="2">rdacarrier</subfield>
            <subfield code="0">http://rdaregistry.info/termList/RDACarrierType/1060</subfield>
        </datafield>
        <datafield tag="344" ind1=" " ind2=" ">
            <subfield code="a">digital</subfield>
            <subfield code="2">rda</subfield>
        </datafield>
        <datafield tag="345" ind1=" " ind2=" ">
            <subfield code="a">videodisc</subfield>
        </datafield>
        <datafield tag="346" ind1=" " ind2=" ">
            <subfield code="a">DVD</subfield>
        </datafield>
        <datafield tag="347" ind1=" " ind2=" ">
            <subfield code="a">video file</subfield>
            <subfield code="b">DVD</subfield>
            <subfield code="2">rda</subfield>
        </datafield>
        <datafield tag="380" ind1=" " ind2=" ">
            <subfield code="a">filmverk</subfield>
            <subfield code="0">https://schema.nb.no/Bibliographic/Values/V1002</subfield>
        </datafield>
        <datafield tag="500" ind1=" " ind2=" ">
            <subfield code="a">"With audio commentary by J.G. Ballard &amp; Jonathan Weiss" Omslaget</subfield>
        </datafield>
        <datafield tag="500" ind1=" " ind2=" ">
            <subfield code="a">Drama, grøsser</subfield>
        </datafield>
        <datafield tag="500" ind1=" " ind2=" ">
            <subfield code="a">Engelsk tale, franske, nederlandske, tyske og spanske undertekster</subfield>
        </datafield>
        <datafield tag="500" ind1=" " ind2=" ">
            <subfield code="a">Filmen bygger på en roman av J.G. Ballard</subfield>
        </datafield>
        <datafield tag="500" ind1=" " ind2=" ">
            <subfield code="a">Kodet for region 0 (PAL)</subfield>
        </datafield>
        <datafield tag="500" ind1=" " ind2=" ">
            <subfield code="a">Musikk: J.G. Thirlwell (Foetus)</subfield>
        </datafield>
        <datafield tag="500" ind1=" " ind2=" ">
            <subfield code="a">Rolleliste: Victor Slezak, Anna Juvander, Michael Kirby</subfield>
        </datafield>
        <datafield tag="500" ind1=" " ind2=" ">
            <subfield code="a">VFC46369</subfield>
        </datafield>
        <datafield tag="700" ind1="1" ind2=" ">
            <subfield code="a">Ballard, J. G.</subfield>
            <subfield code="4">cmm</subfield>
            <subfield code="1">http://viaf.org/viaf/9842556</subfield>
            <subfield code="4">http://rdaregistry.info/Elements/m/object/P30331</subfield>
        </datafield>
        <datafield tag="700" ind1="1" ind2=" ">
            <subfield code="a">Juvander, Anna</subfield>
            <subfield code="4">act</subfield>
            <subfield code="1">https://www.themoviedb.org/person/543508-anna-juvander</subfield>
        </datafield>
        <datafield tag="700" ind1="1" ind2=" ">
            <subfield code="a">Kirby, Michael</subfield>
            <subfield code="4">act</subfield>
            <subfield code="1">https://www.themoviedb.org/person/188334-michael-kirby</subfield>
        </datafield>
        <datafield tag="700" ind1="1" ind2=" ">
            <subfield code="a">Slezak, Victor</subfield>
            <subfield code="4">act</subfield>
            <subfield code="1">https://www.themoviedb.org/person/10379-victor-slezak</subfield>
        </datafield>
        <datafield tag="700" ind1="1" ind2=" ">
            <subfield code="a">Thirlwell, J.G.</subfield>
            <subfield code="4">cmp</subfield>
            <subfield code="1">https://www.themoviedb.org/person/1486271-j-g-thirlwell</subfield>
        </datafield>
        <datafield tag="700" ind1="1" ind2=" ">
            <subfield code="a">Weiss, Jonathan</subfield>
            <subfield code="4">drt</subfield>
            <subfield code="4">http://rdaregistry.info/Elements/m/object/P30331</subfield>
            <subfield code="4">cmm</subfield>
        </datafield>
        <datafield tag="758" ind1=" " ind2=" ">
            <subfield code="a">The atrocity exhibition</subfield>
            <subfield code="1">http://viaf.org/viaf/182227002</subfield>
            <subfield code="4">http://rdaregistry.info/Elements/w/object/P10129</subfield>
        </datafield>
    </record>