
    <record>
        <leader>04388pam a2200541 a 4500</leader>
        <controlfield tag="001">999919900618102201</controlfield>
        <controlfield tag="003">BIBSYS</controlfield>
        <controlfield tag="005">20181024230606.0</controlfield>
        <controlfield tag="008">880603s1989    ilu     ob   s10100 eng  </controlfield>
        <datafield tag="010" ind1=" " ind2=" ">
            <subfield code="a">   88018299</subfield>
        </datafield>
        <datafield tag="020" ind1=" " ind2=" ">
            <subfield code="a">0-585-18657-X</subfield>
        </datafield>
        <datafield tag="041" ind1=" " ind2=" ">
            <subfield code="a">eng</subfield>
        </datafield>
        <datafield tag="082" ind1="0" ind2=" ">
            <subfield code="a">809.3/876</subfield>
            <subfield code="2">19</subfield>
        </datafield>
        <datafield tag="245" ind1="0" ind2="0">
            <subfield code="a">Mindscapes, the geographies of imagined worlds /</subfield>
            <subfield code="c">edited by George E. Slusser and Eric S. Rabkin.</subfield>
            <subfield code="h">[electronic resource]</subfield>
        </datafield>
        <datafield tag="260" ind1="0" ind2=" ">
            <subfield code="a">Carbondale :</subfield>
            <subfield code="b">Southern Illinois University Press,</subfield>
            <subfield code="c">c1989.</subfield>
        </datafield>
        <datafield tag="300" ind1=" " ind2=" ">
            <subfield code="a">1 online resource (xiii, 302 pages )</subfield>
        </datafield>
        <datafield tag="336" ind1=" " ind2=" ">
            <subfield code="a">text</subfield>
            <subfield code="b">txt</subfield>
            <subfield code="0">http://rdaregistry.info/termList/RDAContentType/1020</subfield>
        </datafield>
        <datafield tag="337" ind1=" " ind2=" ">
            <subfield code="a">computer</subfield>
            <subfield code="b">c</subfield>
            <subfield code="0">http://rdaregistry.info/termList/RDAMediaType/1003</subfield>
        </datafield>
        <datafield tag="338" ind1=" " ind2=" ">
            <subfield code="a">online resource</subfield>
            <subfield code="b">cr</subfield>
            <subfield code="0">http://rdaregistry.info/termList/RDACarrierType/1018</subfield>
        </datafield>
        <datafield tag="336" ind1=" " ind2=" ">
            <subfield code="a">tekst</subfield>
            <subfield code="0">http://rdaregistry.info/termList/RDAContentType/1020</subfield>
        </datafield>
        <datafield tag="337" ind1=" " ind2=" ">
            <subfield code="a">datamaskin</subfield>
            <subfield code="0">http://rdaregistry.info/termList/RDAMediaType/1003</subfield>
        </datafield>
        <datafield tag="338" ind1=" " ind2=" ">
            <subfield code="a">online ressurs</subfield>
            <subfield code="0">http://rdaregistry.info/termList/RDACarrierType/1018</subfield>
        </datafield>
        <datafield tag="380" ind1=" " ind2=" ">
            <subfield code="a">Språkbasert verk</subfield>
            <subfield code="1">https://schema.nb.no/Bibliographic/Values/V1000</subfield>
        </datafield>
        <datafield tag="440" ind1=" " ind2="0">
            <subfield code="a">Alternatives</subfield>
        </datafield>
        <datafield tag="490" ind1="0" ind2=" ">
            <subfield code="a">Alternatives Mindscapes, the geographies of imagined worlds</subfield>
        </datafield>
        <datafield tag="500" ind1=" " ind2=" ">
            <subfield code="a">Essays presented at the Ninth Annual J. Lloyd Eaton Conference on Science Fiction and Fantasy Literature held Apr. 10-12, 1987 at the University of California, Riverside.</subfield>
        </datafield>
        <datafield tag="504" ind1=" " ind2=" ">
            <subfield code="a">Includes bibliographies and index.</subfield>
        </datafield>
        <datafield tag="505" ind1="0" ind2="0">
            <subfield code="t">Introduction: The concept of mindscape /</subfield>
            <subfield code="r">George E. Slusser and Eric S. Rabkin --</subfield>
            <subfield code="t">Nature : laws and surprises /</subfield>
            <subfield code="r">Poul Anderson --</subfield>
            <subfield code="t">The survival of myth in science fiction /</subfield>
            <subfield code="r">Wendy Doniger O'Flaherty --</subfield>
            <subfield code="t">"The swelling act" : the psychoanalytic geography of fantasy /</subfield>
            <subfield code="r">Ronald J. Heckelman --</subfield>
            <subfield code="t">Metaphorical drive, or, Why we're such good liars /</subfield>
            <subfield code="r">David Brin --</subfield>
            <subfield code="t">The playing fields of Eden /</subfield>
            <subfield code="r">Frank McConnell --</subfield>
            <subfield code="t">Bookscapes : science fiction in the library of Babel /</subfield>
            <subfield code="r">George E. Slusser --</subfield>
            <subfield code="t">Belief and other worlds : Ktesias and the founding of "Indian wonders" /</subfield>
            <subfield code="r">James Romm --</subfield>
            <subfield code="t">Universal mindscape : the Gaia hypothesis in science fiction /</subfield>
            <subfield code="r">Jack G. Voller --</subfield>
            <subfield code="t">Recent feminist utopias : world building and strategies for social change /</subfield>
            <subfield code="r">Peter Fitting --</subfield>
            <subfield code="t">Time and vast eternities : landscapes of immortality in Orson Scott Card's fiction /</subfield>
            <subfield code="r">Michael R. Collings --</subfield>
            <subfield code="t">Avenues of power : cities as mindscapes of politics /</subfield>
            <subfield code="r">Pascal J. Thomas --</subfield>
            <subfield code="t">The two landscapes of J.G. Ballard's Concrete Island /</subfield>
            <subfield code="r">Reinhart Lutz --</subfield>
            <subfield code="t">Neuroscience fiction : the Roman à synaptic cleft /</subfield>
            <subfield code="r">Joseph D. Miller --</subfield>
            <subfield code="t">Islands in the sky : space stations in the universe of science fiction /</subfield>
            <subfield code="r">Gary Westfahl --</subfield>
            <subfield code="t">What really happened on Mulberry Street? /</subfield>
            <subfield code="r">Bill Lee --</subfield>
            <subfield code="t">Infinity in your back pocket : pocket universes and adjacent worlds /</subfield>
            <subfield code="r">Max P. Belin --</subfield>
            <subfield code="t">Landscape and the Romantic dilemma : myth and metaphor in science-fiction narrative /</subfield>
            <subfield code="r">William Lomax --</subfield>
            <subfield code="t">"The adjutant" : suggestions for maps in time and space from Greene to Johnson to Lem /</subfield>
            <subfield code="r">Donald M. Hassler --</subfield>
            <subfield code="t">The ultimate mindscape : Dante's Paradiso /</subfield>
            <subfield code="r">Jean-Pierre Barricelli --</subfield>
            <subfield code="t">Pascal's terror /</subfield>
            <subfield code="r">Gregory Benford --</subfield>
            <subfield code="t">The revolutionary mindscape /</subfield>
            <subfield code="r">Gary Kern --</subfield>
            <subfield code="t">Suggestions for a typology of mindscapes /</subfield>
            <subfield code="r">David N. Samuelson.</subfield>
        </datafield>
        <datafield tag="546" ind1=" " ind2=" ">
            <subfield code="a">English</subfield>
        </datafield>
        <datafield tag="700" ind1="1" ind2=" ">
            <subfield code="a">Rabkin, Eric S.</subfield>
            <subfield code="4">edt</subfield>
            <subfield code="4">edc</subfield>
            <subfield code="4">http://rdaregistry.info/Elements/m/object/P30267</subfield>
        </datafield>
        <datafield tag="700" ind1="1" ind2=" ">
            <subfield code="a">Slusser, George Edgar</subfield>
            <subfield code="4">edt</subfield>
            <subfield code="e">dc</subfield>
            <subfield code="4">http://rdaregistry.info/Elements/m/object/P30267</subfield>
        </datafield>
        <datafield tag="711" ind1="2" ind2=" ">
            <subfield code="a">Eaton Conference on Science Fiction and Fantasy Literature</subfield>
            <subfield code="n">(9th :</subfield>
            <subfield code="d">1987 :</subfield>
            <subfield code="c">University of California, Riverside)</subfield>
        </datafield>
        <datafield tag="776" ind1=" " ind2=" ">
            <subfield code="z">0-8093-1454-1</subfield>
        </datafield>
    </record>