
    <record>
        <leader>02179pam a2200421 c 4500</leader>
        <controlfield tag="001">1101956690</controlfield>
        <controlfield tag="003">DE-101</controlfield>
        <controlfield tag="005">20171202211852.0</controlfield>
        <controlfield tag="007">tu</controlfield>
        <controlfield tag="008">160527s2016    gw ||||| |||| 00||||ger  </controlfield>
        <datafield tag="016" ind1="7" ind2=" ">
            <subfield code="2">DE-101</subfield>
            <subfield code="a">1101956690</subfield>
        </datafield>
        <datafield tag="020" ind1=" " ind2=" ">
            <subfield code="a">3037349328</subfield>
            <subfield code="9">3-03734-932-8</subfield>
        </datafield>
        <datafield tag="020" ind1=" " ind2=" ">
            <subfield code="a">9783037349328</subfield>
            <subfield code="c">Broschur : EUR 16.95 (DE), sfr 20.00 (freier Preis)</subfield>
            <subfield code="9">978-3-03734-932-8</subfield>
        </datafield>
        <datafield tag="024" ind1="3" ind2=" ">
            <subfield code="a">9783037349328</subfield>
        </datafield>
        <datafield tag="041" ind1=" " ind2=" ">
            <subfield code="a">ger</subfield>
            <subfield code="h">eng</subfield>
        </datafield>
        <datafield tag="082" ind1="7" ind2="4">
            <subfield code="a">820</subfield>
            <subfield code="a">B</subfield>
            <subfield code="q">DE-101</subfield>
            <subfield code="2">23sdnb</subfield>
        </datafield>
        <datafield tag="090" ind1=" " ind2=" ">
            <subfield code="a">b</subfield>
        </datafield>
        <datafield tag="100" ind1="1" ind2=" ">
            <subfield code="0">(DE-588)118656929</subfield>
            <subfield code="0">https://d-nb.info/gnd/118656929</subfield>
            <subfield code="0">(DE-101)118656929</subfield>
            <subfield code="a">Ballard, J. G.</subfield>
            <subfield code="d">1930-2009</subfield>
            <subfield code="e">Verfasser</subfield>
            <subfield code="4">aut</subfield>
            <subfield code="2">gnd</subfield>
            <subfield code="1">http://viaf.org/viaf/9842556</subfield>
            <subfield code="4">http://rdaregistry.info/Elements/w/object/P10061</subfield>
        </datafield>
        <datafield tag="240" ind1="1" ind2="0">
            <subfield code="a">High-rise</subfield>
            <subfield code="1">http://viaf.org/viaf/308016990</subfield>
        </datafield>
        <datafield tag="245" ind1="1" ind2="0">
            <subfield code="a">High-Rise</subfield>
            <subfield code="b">Roman</subfield>
            <subfield code="c">J.G. Ballard ; aus dem Englischen von Michael Koseler</subfield>
        </datafield>
        <datafield tag="250" ind1=" " ind2=" ">
            <subfield code="a">1. Auflage, revidierte Fassung der 1992 im Suhrkamp Verlag publizierten Übersetzung</subfield>
        </datafield>
        <datafield tag="259" ind1=" " ind2=" ">
            <subfield code="a">11</subfield>
        </datafield>
        <datafield tag="264" ind1=" " ind2="1">
            <subfield code="a">Zürich</subfield>
            <subfield code="b">Diaphanes</subfield>
            <subfield code="c">2016</subfield>
        </datafield>
        <datafield tag="300" ind1=" " ind2=" ">
            <subfield code="a">252 Seiten</subfield>
            <subfield code="c">20 cm</subfield>
        </datafield>
        <datafield tag="336" ind1=" " ind2=" ">
            <subfield code="a">Text</subfield>
            <subfield code="b">txt</subfield>
            <subfield code="2">rdacontent</subfield>
            <subfield code="0">http://rdaregistry.info/termList/RDAContentType/1020</subfield>
        </datafield>
        <datafield tag="337" ind1=" " ind2=" ">
            <subfield code="a">ohne Hilfsmittel zu benutzen</subfield>
            <subfield code="b">n</subfield>
            <subfield code="2">rdamedia</subfield>
            <subfield code="0">http://rdaregistry.info/termList/RDAMediaType/1007</subfield>
        </datafield>
        <datafield tag="338" ind1=" " ind2=" ">
            <subfield code="a">Band</subfield>
            <subfield code="b">nc</subfield>
            <subfield code="2">rdacarrier</subfield>
            <subfield code="0">http://rdaregistry.info/termList/RDACarrierType/1049</subfield>
        </datafield>
        <datafield tag="710" ind1="2" ind2=" ">
            <subfield code="8">1\p</subfield>
            <subfield code="0">(DE-588)1064211070</subfield>
            <subfield code="0">https://d-nb.info/gnd/1064211070</subfield>
            <subfield code="0">(DE-101)1064211070</subfield>
            <subfield code="a">Diaphanes</subfield>
            <subfield code="e">Verlag</subfield>
            <subfield code="4">pbl</subfield>
            <subfield code="2">gnd</subfield>
        </datafield>
        <datafield tag="776" ind1="0" ind2="8">
            <subfield code="i">Erscheint auch als</subfield>
            <subfield code="n">Online-Ausgabe</subfield>
            <subfield code="t">High-Rise</subfield>
            <subfield code="d">Zürich : Diaphanes, 2016</subfield>
            <subfield code="h">Online-Ressource</subfield>
            <subfield code="w">(DE-101)1120496535</subfield>
        </datafield>
    </record>