
    <record>
        <leader>01544nam a22003377i 4500</leader>
        <controlfield tag="001">q4xv4mm2nlwsmnws</controlfield>
        <controlfield tag="003">SE-LIBR</controlfield>
        <controlfield tag="005">20210622155229.0</controlfield>
        <controlfield tag="008">210622s2017    xxu|||||||||||000 0|eng|c</controlfield>
        <datafield tag="020" ind1=" " ind2=" ">
            <subfield code="a">9780252082955</subfield>
        </datafield>
        <datafield tag="041" ind1=" " ind2=" ">
            <subfield code="a">eng</subfield>
        </datafield>
        <datafield tag="082" ind1="0" ind2="4">
            <subfield code="a">809</subfield>
            <subfield code="2">22 (machine generated)</subfield>
        </datafield>
        <datafield tag="083" ind1="0" ind2=" ">
            <subfield code="a">920.7</subfield>
            <subfield code="2">22 (machine generated)</subfield>
        </datafield>
        <datafield tag="100" ind1="1" ind2=" ">
            <subfield code="a">Wilson, D. Harlan</subfield>
            <subfield code="4">aut</subfield>
            <subfield code="1">http://viaf.org/viaf/162176817</subfield>
            <subfield code="4">http://rdaregistry.info/Elements/w/object/P10061</subfield>
        </datafield>
        <datafield tag="240" ind1=" " ind2=" ">
            <subfield code="a">J. G. Ballard</subfield>
            <subfield code="1">http://viaf.org/viaf/162176817/jgballard</subfield>
        </datafield>
        <datafield tag="245" ind1="1" ind2="0">
            <subfield code="a">J.G. Ballard /</subfield>
            <subfield code="c">D. Harlan Wilson.</subfield>
        </datafield>
        <datafield tag="264" ind1=" " ind2="1">
            <subfield code="a">Urbana :</subfield>
            <subfield code="b">University of Illinois Press,</subfield>
            <subfield code="c">[2017]</subfield>
        </datafield>
        <datafield tag="300" ind1=" " ind2=" ">
            <subfield code="a">197 sidor</subfield>
        </datafield>
        <datafield tag="336" ind1=" " ind2=" ">
            <subfield code="a">text</subfield>
            <subfield code="b">txt</subfield>
            <subfield code="2">rdacontent</subfield>
            <subfield code="0">http://rdaregistry.info/termList/RDAContentType/1020</subfield>
        </datafield>
        <datafield tag="337" ind1=" " ind2=" ">
            <subfield code="a">unmediated</subfield>
            <subfield code="b">n</subfield>
            <subfield code="2">rdamedia</subfield>
            <subfield code="0">http://rdaregistry.info/termList/RDAMediaType/1007</subfield>
        </datafield>
        <datafield tag="338" ind1=" " ind2=" ">
            <subfield code="a">volume</subfield>
            <subfield code="b">nc</subfield>
            <subfield code="2">rdacarrier</subfield>
            <subfield code="0">http://rdaregistry.info/termList/RDACarrierType/1049</subfield>
        </datafield>
        <datafield tag="600" ind1="1" ind2="4">
            <subfield code="a">Ballard, J. G.</subfield>
            <subfield code="d">1930-2009</subfield>
            <subfield code="0">https://libris.kb.se/dbqssg6x38zr5cn#it</subfield>
            <subfield code="1">http://viaf.org/viaf/9842556</subfield>
        </datafield>
    </record>