
    <record>
        <leader>03365cam a22005893a 4500</leader>
        <controlfield tag="001">109698</controlfield>
        <controlfield tag="003">SE-LIBR</controlfield>
        <controlfield tag="005">20170830170838.0</controlfield>
        <controlfield tag="008">011211s1973    sw |||||||||||000 1|swe|c</controlfield>
        <datafield tag="020" ind1=" " ind2=" ">
            <subfield code="a">9172280131</subfield>
        </datafield>
        <datafield tag="041" ind1="1" ind2=" ">
            <subfield code="a">swe</subfield>
            <subfield code="h">eng</subfield>
        </datafield>
        <datafield tag="082" ind1="0" ind2="4">
            <subfield code="a">839.78</subfield>
            <subfield code="2">22 (machine generated)</subfield>
        </datafield>
        <datafield tag="083" ind1="0" ind2=" ">
            <subfield code="a">823</subfield>
            <subfield code="2">22 (machine generated)</subfield>
        </datafield>
        <datafield tag="245" ind1="1" ind2="0">
            <subfield code="a">Det hände i morgon :</subfield>
            <subfield code="b">en science fiction-antologi.</subfield>
            <subfield code="n">[1] /</subfield>
            <subfield code="c">övers. Gunnar Hedberg ..</subfield>
        </datafield>
        <datafield tag="264" ind1=" " ind2="1">
            <subfield code="a">Bromma :</subfield>
            <subfield code="b">Delta,</subfield>
            <subfield code="c">1973</subfield>
        </datafield>
        <datafield tag="264" ind1=" " ind2="3">
            <subfield code="a">Vänersborg :</subfield>
            <subfield code="b">Vänersborgs boktr.</subfield>
        </datafield>
        <datafield tag="300" ind1=" " ind2=" ">
            <subfield code="a">197 s.</subfield>
        </datafield>
        <datafield tag="336" ind1=" " ind2=" ">
            <subfield code="a">text</subfield>
            <subfield code="b">txt</subfield>
            <subfield code="2">rdacontent</subfield>
            <subfield code="0">http://rdaregistry.info/termList/RDAContentType/1020</subfield>
        </datafield>
        <datafield tag="337" ind1=" " ind2=" ">
            <subfield code="a">unmediated</subfield>
            <subfield code="b">n</subfield>
            <subfield code="2">rdamedia</subfield>
            <subfield code="0">http://rdaregistry.info/termList/RDAMediaType/1007</subfield>
        </datafield>
        <datafield tag="338" ind1=" " ind2=" ">
            <subfield code="a">volume</subfield>
            <subfield code="b">nc</subfield>
            <subfield code="2">rdacarrier</subfield>
            <subfield code="0">http://rdaregistry.info/termList/RDACarrierType/1049</subfield>
        </datafield>
        <datafield tag="380" ind1=" " ind2=" ">
            <subfield code="a">Fiction</subfield>
        </datafield>
        <datafield tag="500" ind1=" " ind2=" ">
            <subfield code="a">Övers. av valda noveller</subfield>
        </datafield>
        <datafield tag="505" ind1="8" ind2=" ">
            <subfield code="a">En biljett till Tranai / Robert Scheckley -- Robot på avvägar / Isaac Asimov -- Sanningens ögonblick / Brian W. Aldiss -- Till ett bättre klot / Ray Bradbury -- Subliminal reklam / J.G. Ballard -- Minnen en gros / Philip K. Dick -- Experimentet / Fredric Brown -- Mördande reklam / Frederik Pohl -- Ms fnt i t bltk / Hal Draper -- En historielektion / Arthur C. Clarke</subfield>
        </datafield>
        <datafield tag="700" ind1="1" ind2="2">
            <subfield code="a">Aldiss, Brian W.</subfield>
            <subfield code="d">1925-2017.</subfield>
            <subfield code="t">Sanningens ögonblick</subfield>
            <subfield code="1">http://www.isfdb.org/cgi-bin/title.cgi?2939185</subfield>
        </datafield>
        <datafield tag="700" ind1="1" ind2="2">
            <subfield code="a">Asimov, Isaac</subfield>
            <subfield code="d">1920-1992</subfield>
            <subfield code="0">https://libris.kb.se/sq466txb40653h3#it</subfield>
            <subfield code="t">Robot på avvägar</subfield>
            <subfield code="1">http://www.isfdb.org/cgi-bin/title.cgi?45670</subfield>
        </datafield>
        <datafield tag="700" ind1="1" ind2="2">
            <subfield code="a">Ballard, J. G.</subfield>
            <subfield code="d">1930-2009</subfield>
            <subfield code="0">https://libris.kb.se/dbqssg6x38zr5cn#it</subfield>
            <subfield code="t">Subliminal reklam</subfield>
            <subfield code="1">http://www.isfdb.org/cgi-bin/title.cgi?44459</subfield>
        </datafield>
        <datafield tag="700" ind1="1" ind2="2">
            <subfield code="a">Bradbury, Ray</subfield>
            <subfield code="d">1920-2012.</subfield>
            <subfield code="t">Till ett bättre klot</subfield>
            <subfield code="1">http://www.isfdb.org/cgi-bin/title.cgi?62959</subfield>
        </datafield>
        <datafield tag="700" ind1="1" ind2="2">
            <subfield code="a">Brown, Fredric</subfield>
            <subfield code="t">Experimentet</subfield>
            <subfield code="1">http://www.isfdb.org/cgi-bin/title.cgi?2939189</subfield>
        </datafield>
        <datafield tag="700" ind1="1" ind2="2">
            <subfield code="a">Clarke, Arthur C.</subfield>
            <subfield code="q">(Arthur Charles)</subfield>
            <subfield code="d">1917-2008</subfield>
            <subfield code="0">https://libris.kb.se/qn2440884nx4nwn#it</subfield>
            <subfield code="t">En historielektion</subfield>
            <subfield code="1">http://www.isfdb.org/cgi-bin/title.cgi?41314</subfield>
        </datafield>
        <datafield tag="700" ind1="1" ind2="2">
            <subfield code="a">Dick, Philip K</subfield>
            <subfield code="t">Minnen en gros</subfield>
            <subfield code="1">http://www.isfdb.org/cgi-bin/title.cgi?18834</subfield>
        </datafield>
        <datafield tag="700" ind1="1" ind2="2">
            <subfield code="a">Draper, Hal</subfield>
            <subfield code="t">Ms fnt i t bltk</subfield>
            <subfield code="1">http://www.isfdb.org/cgi-bin/title.cgi?2939192</subfield>
        </datafield>
        <datafield tag="700" ind1="1" ind2="2">
            <subfield code="a">Hedberg, Gunnar</subfield>
            <subfield code="4">trl</subfield>
            <subfield code="4">http://rdaregistry.info/Elements/e/object/P20037</subfield>
        </datafield>
        <datafield tag="700" ind1="1" ind2="2">
            <subfield code="a">Lundwall, Sam J.</subfield>
            <subfield code="d">1941-</subfield>
            <subfield code="4">edt</subfield>
            <subfield code="0">https://libris.kb.se/53hkfclp22khvjx#it</subfield>
            <subfield code="4">http://rdaregistry.info/Elements/m/object/P30267</subfield>
        </datafield>
        <datafield tag="700" ind1="1" ind2="2">
            <subfield code="a">Pohl, Frederik</subfield>
            <subfield code="t">Mördande reklam</subfield>
            <subfield code="1">http://www.isfdb.org/cgi-bin/title.cgi?45822</subfield>
        </datafield>
        <datafield tag="700" ind1="1" ind2="2">
            <subfield code="a">Scheckley, Robert</subfield>
            <subfield code="t">En biljett till Tranai</subfield>
            <subfield code="1">http://www.isfdb.org/cgi-bin/title.cgi?2939194</subfield>
        </datafield>
        <datafield tag="772" ind1="0" ind2="0">
            <subfield code="t">Det hände i morgon : en science fiction-antologi</subfield>
            <subfield code="d">Bromma : Delta, 1973-1983</subfield>
            <subfield code="k">Delta science fiction</subfield>
            <subfield code="w">9901055415</subfield>
        </datafield>
    </record>