
    <record>
        <leader>01690nam a2200349 c 4500</leader>
        <controlfield tag="001">830203095</controlfield>
        <controlfield tag="003">DE-101</controlfield>
        <controlfield tag="005">20171202075600.0</controlfield>
        <controlfield tag="007">tu</controlfield>
        <controlfield tag="008">821215s1982    gw ||||| |||| 00||||ger  </controlfield>
        <datafield tag="016" ind1="7" ind2=" ">
            <subfield code="2">DE-101</subfield>
            <subfield code="a">830203095</subfield>
        </datafield>
        <datafield tag="020" ind1=" " ind2=" ">
            <subfield code="a">3453308026</subfield>
            <subfield code="c">kart. : DM 5.80</subfield>
            <subfield code="9">3-453-30802-6</subfield>
        </datafield>
        <datafield tag="020" ind1=" " ind2=" ">
            <subfield code="a">9783453308022</subfield>
            <subfield code="c">kart. : DM 5.80</subfield>
            <subfield code="9">978-3-453-30802-2</subfield>
        </datafield>
        <datafield tag="041" ind1=" " ind2=" ">
            <subfield code="a">ger</subfield>
        </datafield>
        <datafield tag="100" ind1="1" ind2=" ">
            <subfield code="0">(DE-588)118656929</subfield>
            <subfield code="0">https://d-nb.info/gnd/118656929</subfield>
            <subfield code="0">(DE-101)118656929</subfield>
            <subfield code="a">Ballard, J. G.</subfield>
            <subfield code="d">1930-2009</subfield>
            <subfield code="e">Verfasser</subfield>
            <subfield code="4">aut</subfield>
            <subfield code="2">gnd</subfield>
            <subfield code="1">http://viaf.org/viaf/9842556</subfield>
            <subfield code="4">http://rdaregistry.info/Elements/w/object/P10061</subfield>
        </datafield>
        <datafield tag="245" ind1="1" ind2="0">
            <subfield code="a">Karneval der Alligatoren</subfield>
            <subfield code="b">Science-fiction-Roman</subfield>
            <subfield code="c">James Graham Ballard. [Dt. Übers. von Inge Wiskott]</subfield>
        </datafield>
        <datafield tag="250" ind1=" " ind2=" ">
            <subfield code="a">Sonderausg. d. Heyne-Buchs Nr. 06/3308</subfield>
        </datafield>
        <datafield tag="259" ind1=" " ind2=" ">
            <subfield code="a">16</subfield>
        </datafield>
        <datafield tag="264" ind1=" " ind2="1">
            <subfield code="a">München</subfield>
            <subfield code="b">Heyne</subfield>
            <subfield code="c">1982</subfield>
        </datafield>
        <datafield tag="300" ind1=" " ind2=" ">
            <subfield code="a">203 S.</subfield>
            <subfield code="b">Ill.</subfield>
            <subfield code="c">18 cm</subfield>
        </datafield>
        <datafield tag="336" ind1=" " ind2=" ">
            <subfield code="a">Text</subfield>
            <subfield code="b">txt</subfield>
            <subfield code="2">rdacontent</subfield>
            <subfield code="0">http://rdaregistry.info/termList/RDAContentType/1020</subfield>
        </datafield>
        <datafield tag="337" ind1=" " ind2=" ">
            <subfield code="a">ohne Hilfsmittel zu benutzen</subfield>
            <subfield code="b">n</subfield>
            <subfield code="2">rdamedia</subfield>
            <subfield code="0">http://rdaregistry.info/termList/RDAMediaType/1007</subfield>
        </datafield>
        <datafield tag="338" ind1=" " ind2=" ">
            <subfield code="a">Band</subfield>
            <subfield code="b">nc</subfield>
            <subfield code="2">rdacarrier</subfield>
            <subfield code="0">http://rdaregistry.info/termList/RDACarrierType/1049</subfield>
        </datafield>
        <datafield tag="490" ind1="1" ind2=" ">
            <subfield code="a">Heyne-Bücher : 06, Bibliothek d. Science-fiction-Literatur</subfield>
            <subfield code="v">Nr. 11</subfield>
        </datafield>
        <datafield tag="500" ind1=" " ind2=" ">
            <subfield code="a">Aus d. Engl. übers. - Lizenzausg. d. Suhrkamp-Verl.</subfield>
        </datafield>
        <datafield tag="700" ind1="1" ind2="2">
            <subfield code="a">Ballard, J. G.</subfield>
            <subfield code="d">1930-2009</subfield>
            <subfield code="2">gnd</subfield>
            <subfield code="t">The drowned world</subfield>
            <subfield code="g">dt</subfield>
            <subfield code="1">http://viaf.org/viaf/309277534</subfield>
        </datafield>
        <datafield tag="700" ind1=" " ind2=" ">
            <subfield code="a">Wiskott, Inga</subfield>
            <subfield code="4">trl</subfield>
            <subfield code="4">http://rdaregistry.info/Elements/e/object/P20037</subfield>
        </datafield>
        <datafield tag="830" ind1=" " ind2="0">
            <subfield code="a">Heyne-Bücher / 06</subfield>
            <subfield code="v">Nr. 11</subfield>
            <subfield code="9">211</subfield>
        </datafield>
    </record>