
    <record>
        <leader>01809cam a2200409 a 4500</leader>
        <controlfield tag="001">11192768</controlfield>
        <controlfield tag="003">SE-LIBR</controlfield>
        <controlfield tag="005">20171026120946.0</controlfield>
        <controlfield tag="008">081015s2007    caua          000 0aeng  </controlfield>
        <datafield tag="016" ind1="7" ind2=" ">
            <subfield code="a">013590157</subfield>
            <subfield code="2">Uk</subfield>
        </datafield>
        <datafield tag="020" ind1=" " ind2=" ">
            <subfield code="a">0-9714578-3-2 (pbk.)</subfield>
        </datafield>
        <datafield tag="020" ind1=" " ind2=" ">
            <subfield code="a">978-0-9714578-3-6 (pbk.)</subfield>
        </datafield>
        <datafield tag="041" ind1="1" ind2=" ">
            <subfield code="a">eng</subfield>
            <subfield code="h">fre</subfield>
        </datafield>
        <datafield tag="043" ind1=" " ind2=" ">
            <subfield code="a">e-sp---</subfield>
        </datafield>
        <datafield tag="082" ind1="0" ind2="4">
            <subfield code="a">759.6</subfield>
            <subfield code="2">22</subfield>
        </datafield>
        <datafield tag="082" ind1="0" ind2="4">
            <subfield code="a">759.6</subfield>
            <subfield code="a">B</subfield>
            <subfield code="2">22</subfield>
        </datafield>
        <datafield tag="100" ind1="1" ind2=" ">
            <subfield code="a">Dalí, Salvador</subfield>
            <subfield code="d">1904-1989</subfield>
            <subfield code="0">183291</subfield>
            <subfield code="0">268501</subfield>
            <subfield code="1">http://viaf.org/viaf/64004109</subfield>
            <subfield code="4">http://rdaregistry.info/Elements/w/object/P10058</subfield>
        </datafield>
        <datafield tag="240" ind1="1" ind2="0">
            <subfield code="a">Journal d'un génie.</subfield>
            <subfield code="l">English</subfield>
            <subfield code="1">http://viaf.org/viaf/174484848</subfield>
        </datafield>
        <datafield tag="245" ind1="1" ind2="0">
            <subfield code="a">Diary of a genius /</subfield>
            <subfield code="c">Salvador Dalí ; [introductory essay by J.G. Ballard; translated from the French by Richard Howard]</subfield>
        </datafield>
        <datafield tag="250" ind1=" " ind2=" ">
            <subfield code="a">New ed.</subfield>
        </datafield>
        <datafield tag="260" ind1=" " ind2=" ">
            <subfield code="a">[Los Angeles, Calif.?] :</subfield>
            <subfield code="b">Solar Books;</subfield>
            <subfield code="a">London :</subfield>
            <subfield code="b">Turnaround [distributor],</subfield>
            <subfield code="c">2006</subfield>
        </datafield>
        <datafield tag="300" ind1=" " ind2=" ">
            <subfield code="a">191 pages :</subfield>
            <subfield code="b">illustrations ;</subfield>
            <subfield code="c">21 cm.</subfield>
        </datafield>
        <datafield tag="336" ind1=" " ind2=" ">
            <subfield code="a">text</subfield>
            <subfield code="b">txt</subfield>
            <subfield code="2">rdacontent</subfield>
            <subfield code="0">http://rdaregistry.info/termList/RDAContentType/1020</subfield>
        </datafield>
        <datafield tag="337" ind1=" " ind2=" ">
            <subfield code="a">unmediated</subfield>
            <subfield code="b">n</subfield>
            <subfield code="2">rdamedia</subfield>
            <subfield code="0">http://rdaregistry.info/termList/RDAMediaType/1007</subfield>
        </datafield>
        <datafield tag="338" ind1=" " ind2=" ">
            <subfield code="a">volume</subfield>
            <subfield code="b">nc</subfield>
            <subfield code="2">rdacarrier</subfield>
            <subfield code="0">http://rdaregistry.info/termList/RDACarrierType/1049</subfield>
        </datafield>
        <datafield tag="440" ind1=" " ind2="0">
            <subfield code="a">Solar art directives ;</subfield>
            <subfield code="v">1</subfield>
        </datafield>
        <datafield tag="546" ind1=" " ind2=" ">
            <subfield code="a">Translated from the French.</subfield>
        </datafield>
        <datafield tag="600" ind1="1" ind2="4">
            <subfield code="a">Dalí, Salvador</subfield>
            <subfield code="d">1904-1989</subfield>
            <subfield code="0">183291</subfield>
            <subfield code="0">268501</subfield>
            <subfield code="1">http://viaf.org/viaf/64004109</subfield>
        </datafield>
        <datafield tag="700" ind1="1" ind2=" ">
            <subfield code="a">Howard, Richard</subfield>
            <subfield code="d">1929-</subfield>
            <subfield code="4">trl</subfield>
            <subfield code="4">http://rdaregistry.info/Elements/e/object/P20037</subfield>
        </datafield>
        <datafield tag="700" ind1="1" ind2=" ">
            <subfield code="a">Ballard, J. G.</subfield>
            <subfield code="d">1930-2009</subfield>
            <subfield code="4">aui</subfield>
            <subfield code="1">http://viaf.org/viaf/9842556</subfield>
        </datafield>
    </record>