
    <record>
        <leader>00973caa a22002173u 4500</leader>
        <controlfield tag="001">006117442</controlfield>
        <controlfield tag="003">UK</controlfield>
        <controlfield tag="005">20211231165902.0</controlfield>
        <controlfield tag="008">911121s1992    enk    ||     000 ||eng  </controlfield>
        <datafield tag="020" ind1=" " ind2=" ">
            <subfield code="a">0313279225</subfield>
        </datafield>
        <datafield tag="100" ind1="1" ind2=" ">
            <subfield code="a">Stephenson, Gregory</subfield>
            <subfield code="1">http://viaf.org/viaf/70381159</subfield>
            <subfield code="4">http://rdaregistry.info/Elements/w/object/P10061</subfield>
        </datafield>
        <datafield tag="240" ind1=" " ind2=" ">
            <subfield code="a">Out of the night and into the dream</subfield>
            <subfield code="1">http://viaf.org/viaf/70381159/outofthenightandintothedream</subfield>
        </datafield>
        <datafield tag="245" ind1="0" ind2="0">
            <subfield code="a">Out of the night and into the dream :</subfield>
            <subfield code="b">A thematic study of the fiction of J G Ballard.</subfield>
        </datafield>
        <datafield tag="260" ind1=" " ind2=" ">
            <subfield code="b">Greenwood Press,</subfield>
            <subfield code="c">1991.</subfield>
        </datafield>
        <datafield tag="336" ind1=" " ind2=" ">
            <subfield code="a">tekst</subfield>
            <subfield code="0">http://rdaregistry.info/termList/RDAContentType/1020</subfield>
        </datafield>
        <datafield tag="337" ind1=" " ind2=" ">
            <subfield code="a">uformidlet</subfield>
            <subfield code="0">http://rdaregistry.info/termList/RDAMediaType/1007</subfield>
        </datafield>
        <datafield tag="338" ind1=" " ind2=" ">
            <subfield code="a">bind</subfield>
            <subfield code="0">http://rdaregistry.info/termList/RDACarrierType/1049</subfield>
        </datafield>
        <datafield tag="380" ind1=" " ind2=" ">
            <subfield code="a">Språkbasert verk</subfield>
            <subfield code="1">https://schema.nb.no/Bibliographic/Values/V1000</subfield>
        </datafield>
        <datafield tag="540" ind1=" " ind2=" ">
            <subfield code="a">British Library not licensed to copy</subfield>
            <subfield code="c">0</subfield>
            <subfield code="5">Uk</subfield>
        </datafield>
    </record>