
    <record>
        <leader>02318cam a22003497a 4500</leader>
        <controlfield tag="001">12192053</controlfield>
        <controlfield tag="003">SE-LIBR</controlfield>
        <controlfield tag="005">20110616124337.0</controlfield>
        <controlfield tag="008">110523s2009    xxk      b    000 0 eng c</controlfield>
        <datafield tag="020" ind1=" " ind2=" ">
            <subfield code="a">0754662675</subfield>
        </datafield>
        <datafield tag="020" ind1=" " ind2=" ">
            <subfield code="a">9780754662679</subfield>
        </datafield>
        <datafield tag="082" ind1="0" ind2=" ">
            <subfield code="a">823.914</subfield>
            <subfield code="2">22</subfield>
        </datafield>
        <datafield tag="100" ind1="1" ind2=" ">
            <subfield code="a">Baxter, Jeannette</subfield>
            <subfield code="1">http://viaf.org/viaf/11777409</subfield>
            <subfield code="4">http://rdaregistry.info/Elements/w/object/P10061</subfield>
        </datafield>
        <datafield tag="240" ind1=" " ind2=" ">
            <subfield code="a">J. G. Ballard's surrealist imagination</subfield>
            <subfield code="1">http://viaf.org/viaf/11777409/jgballardssurrealstimagination </subfield>
        </datafield>
        <datafield tag="245" ind1="1" ind2="0">
            <subfield code="a">J. G. Ballard's surrealist imagination :</subfield>
            <subfield code="b">spectacular authorship /</subfield>
            <subfield code="c">Jeannette Baxter</subfield>
        </datafield>
        <datafield tag="260" ind1=" " ind2=" ">
            <subfield code="a">Farnham ;</subfield>
            <subfield code="a">Burlington :</subfield>
            <subfield code="b">Ashgate,</subfield>
            <subfield code="c">cop. 2009</subfield>
        </datafield>
        <datafield tag="300" ind1=" " ind2=" ">
            <subfield code="a">xi, 243 s. :</subfield>
            <subfield code="b">illustrations ;</subfield>
            <subfield code="c">25 cm.</subfield>
        </datafield>
        <datafield tag="336" ind1=" " ind2=" ">
            <subfield code="a">text</subfield>
            <subfield code="b">txt</subfield>
            <subfield code="2">rdacontent</subfield>
            <subfield code="0">http://rdaregistry.info/termList/RDAContentType/1020</subfield>
        </datafield>
        <datafield tag="337" ind1=" " ind2=" ">
            <subfield code="a">unmediated</subfield>
            <subfield code="b">n</subfield>
            <subfield code="2">rdamedia</subfield>
            <subfield code="0">http://rdaregistry.info/termList/RDAMediaType/1007</subfield>
        </datafield>
        <datafield tag="338" ind1=" " ind2=" ">
            <subfield code="a">volume</subfield>
            <subfield code="b">nc</subfield>
            <subfield code="2">rdacarrier</subfield>
            <subfield code="0">http://rdaregistry.info/termList/RDACarrierType/1049</subfield>
        </datafield>
        <datafield tag="504" ind1=" " ind2=" ">
            <subfield code="a">Includes bibliographical references (p. [223]-237) and index.</subfield>
        </datafield>
        <datafield tag="505" ind1="0" ind2=" ">
            <subfield code="a">Mapping a surrealist historiography : recontextualising The drowned world and The crystal world -- Reading The atrocity exhibition : a history of forms -- Radical surrealism : performance, photography and history in Crash -- Convulsive autobiography : negotiating history, memory and fiction in Empire of the sun and The kindness of women -- The surrealist Fait divers : uncovering violent histories in Running wild, Cocaine nights, Super-Cannes and Millennium people.</subfield>
        </datafield>
        <datafield tag="520" ind1=" " ind2=" ">
            <subfield code="a">Suggesting that J.G. Ballard's fiction must be read within the framework of surrealism, the author argues for a radical revisioning of Ballard that takes account of the political and ethical dimensions of his work. A different portrait then emerges, one with implications for our understanding of post-war history and culture.</subfield>
        </datafield>
        <datafield tag="600" ind1="1" ind2="4">
            <subfield code="a">Ballard, J. G.</subfield>
            <subfield code="d">1930-2009</subfield>
            <subfield code="0">176668</subfield>
            <subfield code="1">http://viaf.org/viaf/9842556</subfield>
        </datafield>
    </record>