
    <record>
        <leader>04674nam a2200541 a 4500</leader>
        <controlfield tag="001">999919913064602201</controlfield>
        <controlfield tag="003">BIBSYS</controlfield>
        <controlfield tag="005">20200520144314.0</controlfield>
        <controlfield tag="006">m     o  d |      </controlfield>
        <controlfield tag="007">cr cn|||||||||</controlfield>
        <controlfield tag="008">110706s2011    ne      ob    001 0 eng d</controlfield>
        <datafield tag="020" ind1=" " ind2=" ">
            <subfield code="a">1-283-16216-4</subfield>
        </datafield>
        <datafield tag="020" ind1=" " ind2=" ">
            <subfield code="a">94-012-0008-4</subfield>
        </datafield>
        <datafield tag="020" ind1=" " ind2=" ">
            <subfield code="a">9786613162168</subfield>
        </datafield>
        <datafield tag="024" ind1="7" ind2=" ">
            <subfield code="a">10.1163/9789401200080</subfield>
            <subfield code="2">DOI</subfield>
        </datafield>
        <datafield tag="041" ind1=" " ind2=" ">
            <subfield code="a">eng</subfield>
        </datafield>
        <datafield tag="082" ind1=" " ind2=" ">
            <subfield code="a">823/.91409</subfield>
        </datafield>
        <datafield tag="245" ind1="0" ind2="0">
            <subfield code="a">Ethics and trauma in contemporary British fiction</subfield>
            <subfield code="h">[electronic resource] /</subfield>
            <subfield code="c">edited by Susana Onega and Jean-Michel Ganteau.</subfield>
        </datafield>
        <datafield tag="260" ind1=" " ind2=" ">
            <subfield code="a">Amsterdam :</subfield>
            <subfield code="b">Rodopi,</subfield>
            <subfield code="c">2011.</subfield>
        </datafield>
        <datafield tag="300" ind1=" " ind2=" ">
            <subfield code="a">330 pages.</subfield>
        </datafield>
        <datafield tag="336" ind1=" " ind2=" ">
            <subfield code="a">text</subfield>
            <subfield code="b">txt</subfield>
            <subfield code="0">http://rdaregistry.info/termList/RDAContentType/1020</subfield>
        </datafield>
        <datafield tag="337" ind1=" " ind2=" ">
            <subfield code="a">computer</subfield>
            <subfield code="b">c</subfield>
            <subfield code="0">http://rdaregistry.info/termList/RDAMediaType/1003</subfield>
        </datafield>
        <datafield tag="338" ind1=" " ind2=" ">
            <subfield code="a">online resource</subfield>
            <subfield code="b">cr</subfield>
            <subfield code="0">http://rdaregistry.info/termList/RDACarrierType/1018</subfield>
        </datafield>
        <datafield tag="336" ind1=" " ind2=" ">
            <subfield code="a">tekst</subfield>
            <subfield code="0">http://rdaregistry.info/termList/RDAContentType/1020</subfield>
        </datafield>
        <datafield tag="337" ind1=" " ind2=" ">
            <subfield code="a">datamaskin</subfield>
            <subfield code="0">http://rdaregistry.info/termList/RDAMediaType/1003</subfield>
        </datafield>
        <datafield tag="338" ind1=" " ind2=" ">
            <subfield code="a">online ressurs</subfield>
            <subfield code="0">http://rdaregistry.info/termList/RDACarrierType/1018</subfield>
        </datafield>
        <datafield tag="347" ind1=" " ind2=" ">
            <subfield code="a">data file</subfield>
            <subfield code="2">rda</subfield>
        </datafield>
        <datafield tag="380" ind1=" " ind2=" ">
            <subfield code="a">Språkbasert verk</subfield>
            <subfield code="1">https://schema.nb.no/Bibliographic/Values/V1000</subfield>
        </datafield>
        <datafield tag="490" ind1="1" ind2=" ">
            <subfield code="a">DQR studies in literature ;</subfield>
            <subfield code="v">48</subfield>
        </datafield>
        <datafield tag="500" ind1=" " ind2=" ">
            <subfield code="a">Bibliographic Level Mode of Issuance: Monograph</subfield>
        </datafield>
        <datafield tag="504" ind1=" " ind2=" ">
            <subfield code="a">Includes bibliographical references and index.</subfield>
        </datafield>
        <datafield tag="505" ind1="0" ind2="0">
            <subfield code="t">Preliminary material /</subfield>
            <subfield code="r">Editors Ethics and Trauma in Contemporary British Fiction -- </subfield>
            <subfield code="t">INTRODUCTION /</subfield>
            <subfield code="r">JEAN-MICHEL GANTEAU and SUSANA ONEGA -- </subfield>
            <subfield code="t">READING TRAUMA IN PAT BARKER'S REGENERATION TRILOGY /</subfield>
            <subfield code="r">LENA STEVEKER -- </subfield>
            <subfield code="t">THE ETHICAL CLOCK OF TRAUMA IN EVA FIGES' WINTER JOURNEY /</subfield>
            <subfield code="r">SILVIA PELLICER-ORTÍN -- </subfield>
            <subfield code="t">"NOBODY'SMEAT": REVISITING RAPE AND SEXUAL TRAUMA THROUGH ANGELA CARTER /</subfield>
            <subfield code="r">CHARLEY BAKER -- </subfield>
            <subfield code="t">"A NEW ALGEBRA": THE POETICS AND ETHICS OF TRAUMA IN J.G. BALLARD'S THE ATROCITY EXHIBITION /</subfield>
            <subfield code="r">JAKOB WINNBERG -- </subfield>
            <subfield code="t">TRAUMA AS THE NEGATION OF AUTONOMY: MICHAEL MOORCOCK'S MOTHER LONDON /</subfield>
            <subfield code="r">JEAN-MICHEL GANTEAU -- </subfield>
            <subfield code="t">WHERE MADNESS LIES: HOLOCAUST REPRESENTATION AND THE ETHICS OF FORM IN MARTIN AMIS' TIME'S ARROW /</subfield>
            <subfield code="r">MARÍA JESÚS MARTÍNEZ-ALFARO -- </subfield>
            <subfield code="t">WORLDWAR II FICTION AND THE ETHICS OF TRAUMA /</subfield>
            <subfield code="r">GERD BAYER -- </subfield>
            <subfield code="t">A TERRIBLE BEAUTY: ETHICS, AESTHETICS AND THE TRAUMA OF GAYNESS IN ALAN HOLLINGHURST'S THE LINE OF BEAUTY /</subfield>
            <subfield code="r">JOSÉ M. YEBRA -- </subfield>
            <subfield code="t">"THE ETERNAL LOOP OF SELF-TORTURE": ETHICS AND TRAUMA IN IANMCEWAN'S ATONEMENT /</subfield>
            <subfield code="r">GEORGES LETISSIER -- </subfield>
            <subfield code="t">CONJUNCTURES OF UNEASINESS: TRAUMA IN FAY WELDON'S THE HEART OF THE COUNTRY AND IN IAN MCEWAN'S ON CHESIL BEACH /</subfield>
            <subfield code="r">ANGELA LOCATELLI -- </subfield>
            <subfield code="t">REPRESENTING THE CHILD SOLDIER: TRAUMA, POSTCOLONIALISM AND ETHICS IN DELIA JARRETTMACAULEY'SMOSES, CITIZEN AND ME /</subfield>
            <subfield code="r">ANNE WHITEHEAD -- </subfield>
            <subfield code="t">THE TRAUMA PARADIGM AND THE ETHICS OF AFFECT IN JEANETTE WINTERSON'S THE STONE GODS /</subfield>
            <subfield code="r">SUSANA ONEGA -- </subfield>
            <subfield code="t">NOTES ON CONTRIBUTORS /</subfield>
            <subfield code="r">Editors Ethics and Trauma in Contemporary British Fiction -- </subfield>
            <subfield code="t">INDEX /</subfield>
            <subfield code="r">Editors Ethics and Trauma in Contemporary British Fiction.</subfield>
        </datafield>
        <datafield tag="520" ind1=" " ind2=" ">
            <subfield code="a">This volume is the first book of criticism to provide a systematic analysis of a corpus of emblematic contemporary British fictions from the combined perspective of trauma theory and ethics. Although the fictional work of writers such as Graham Swift has already been approached from this perspective, none of the individual works or authors under analysis in the twelve essays collected in this volume has been given such a systematic and in-depth scrutiny to date. This study, which is addressed to academics and university students of British literature and culture, focuses on the literary representation of trauma in key works by Martin Amis, J. G. Ballard, Pat Barker, John Boyne, Angela Carter, Eva Figes, Alan Hollinghurst, Delia Jarrett-Macauley, A.L. Kennedy, Ian McEwan, Michael Moorcock, Fay Weldon and Jeanette Winterson, within the context of the "ethical turn" in the related fields of literary theory and moral philosophy that has influenced literary criticism over the last three decades, with a special focus on the ethics of alterity, the ethics of truths, and deconstructive ethics.</subfield>
        </datafield>
        <datafield tag="546" ind1=" " ind2=" ">
            <subfield code="a">English</subfield>
        </datafield>
        <datafield tag="700" ind1="1" ind2=" ">
            <subfield code="a">Ganteau, Jean-Michel</subfield>
            <subfield code="4">edc</subfield>
        </datafield>
        <datafield tag="700" ind1="1" ind2=" ">
            <subfield code="a">Onega Jaén, Susana</subfield>
            <subfield code="4">edc</subfield>
        </datafield>
        <datafield tag="776" ind1=" " ind2=" ">
            <subfield code="z">90-420-3326-6</subfield>
        </datafield>
        <datafield tag="830" ind1=" " ind2="0">
            <subfield code="a">DQR studies in literature ;</subfield>
            <subfield code="v">48.</subfield>
        </datafield>
    </record>