
    <record>
        <leader>03938pam a2200661 c 4500</leader>
        <controlfield tag="001">1100371834</controlfield>
        <controlfield tag="003">DE-101</controlfield>
        <controlfield tag="005">20190830112422.0</controlfield>
        <controlfield tag="007">tu</controlfield>
        <controlfield tag="008">160517s2017    gw ||||| m||| 00||||eng  </controlfield>
        <datafield tag="016" ind1="7" ind2=" ">
            <subfield code="2">DE-101</subfield>
            <subfield code="a">1100371834</subfield>
        </datafield>
        <datafield tag="020" ind1=" " ind2=" ">
            <subfield code="a">3110487896</subfield>
            <subfield code="9">3-11-048789-6</subfield>
        </datafield>
        <datafield tag="020" ind1=" " ind2=" ">
            <subfield code="a">9783110487893</subfield>
            <subfield code="c">Festeinband : EUR 102.80 (AT) (freier Preis), EUR 99.95 (DE) (freier Preis), GBP 74.99 (GB) (freier Preis)</subfield>
            <subfield code="9">978-3-11-048789-3</subfield>
        </datafield>
        <datafield tag="020" ind1=" " ind2=" ">
            <subfield code="a">9783110635232</subfield>
            <subfield code="c">Broschur : EUR 20.95 (DE) (freier Preis), EUR 20.95 (AT) (freier Preis)</subfield>
            <subfield code="9">978-3-11-063523-2</subfield>
        </datafield>
        <datafield tag="024" ind1="3" ind2=" ">
            <subfield code="a">9783110487893</subfield>
        </datafield>
        <datafield tag="041" ind1=" " ind2=" ">
            <subfield code="a">eng</subfield>
        </datafield>
        <datafield tag="082" ind1="0" ind2="4">
            <subfield code="8">2\u</subfield>
            <subfield code="a">823.914</subfield>
            <subfield code="q">DE-101</subfield>
            <subfield code="2">22/ger</subfield>
        </datafield>
        <datafield tag="083" ind1="7" ind2=" ">
            <subfield code="a">820</subfield>
            <subfield code="q">DE-101</subfield>
            <subfield code="2">23sdnb</subfield>
        </datafield>
        <datafield tag="085" ind1=" " ind2=" ">
            <subfield code="8">2\u</subfield>
            <subfield code="b">823</subfield>
        </datafield>
        <datafield tag="090" ind1=" " ind2=" ">
            <subfield code="a">b</subfield>
        </datafield>
        <datafield tag="100" ind1="1" ind2=" ">
            <subfield code="0">(DE-588)1124249702</subfield>
            <subfield code="0">https://d-nb.info/gnd/1124249702</subfield>
            <subfield code="0">(DE-101)1124249702</subfield>
            <subfield code="a">Cord, Florian</subfield>
            <subfield code="d">1982-</subfield>
            <subfield code="e">Verfasser</subfield>
            <subfield code="4">aut</subfield>
            <subfield code="2">gnd</subfield>
            <subfield code="1">http://viaf.org/viaf/12148570682924312852</subfield>
            <subfield code="4">http://rdaregistry.info/Elements/w/object/P10061</subfield>
        </datafield>
        <datafield tag="240" ind1=" " ind2=" ">
            <subfield code="a">J.G. Ballard's politics : late capitalism, power, and the pataphysics of resistance</subfield>
            <subfield code="1">http://viaf.org/viaf/12148570682924312852/jgballard</subfield>
        </datafield>
        <datafield tag="245" ind1="1" ind2="0">
            <subfield code="a">J.G. Ballard's politics</subfield>
            <subfield code="b">late capitalism, power, and the pataphysics of resistance</subfield>
            <subfield code="c">Florian Cord</subfield>
        </datafield>
        <datafield tag="264" ind1=" " ind2="1">
            <subfield code="a">Berlin</subfield>
            <subfield code="b">De Gruyter</subfield>
            <subfield code="c">[2017]</subfield>
        </datafield>
        <datafield tag="300" ind1=" " ind2=" ">
            <subfield code="a">264 Seiten</subfield>
            <subfield code="c">24 cm</subfield>
        </datafield>
        <datafield tag="336" ind1=" " ind2=" ">
            <subfield code="a">Text</subfield>
            <subfield code="b">txt</subfield>
            <subfield code="2">rdacontent</subfield>
            <subfield code="0">http://rdaregistry.info/termList/RDAContentType/1020</subfield>
        </datafield>
        <datafield tag="337" ind1=" " ind2=" ">
            <subfield code="a">ohne Hilfsmittel zu benutzen</subfield>
            <subfield code="b">n</subfield>
            <subfield code="2">rdamedia</subfield>
            <subfield code="0">http://rdaregistry.info/termList/RDAMediaType/1007</subfield>
        </datafield>
        <datafield tag="338" ind1=" " ind2=" ">
            <subfield code="a">Band</subfield>
            <subfield code="b">nc</subfield>
            <subfield code="2">rdacarrier</subfield>
            <subfield code="0">http://rdaregistry.info/termList/RDACarrierType/1049</subfield>
        </datafield>
        <datafield tag="380" ind1=" " ind2=" ">
            <subfield code="a">Thesis</subfield>
        </datafield>
        <datafield tag="490" ind1="1" ind2=" ">
            <subfield code="a">Buchreihe der Anglia</subfield>
            <subfield code="v">volume 54</subfield>
        </datafield>
        <datafield tag="502" ind1=" " ind2=" ">
            <subfield code="b">Dissertation</subfield>
            <subfield code="c">Universität Würzburg</subfield>
            <subfield code="d">2014</subfield>
        </datafield>
        <datafield tag="600" ind1="1" ind2="7">
            <subfield code="0">(DE-588)118656929</subfield>
            <subfield code="0">https://d-nb.info/gnd/118656929</subfield>
            <subfield code="0">(DE-101)118656929</subfield>
            <subfield code="a">Ballard, J. G.</subfield>
            <subfield code="d">1930-2009</subfield>
            <subfield code="9">rswk-swf</subfield>
            <subfield code="2">gnd</subfield>
            <subfield code="1">http://viaf.org/viaf/9842556</subfield>
        </datafield>
        <datafield tag="689" ind1="0" ind2=" ">
            <subfield code="5">DE-101</subfield>
            <subfield code="5">DE-101</subfield>
        </datafield>
        <datafield tag="689" ind1="0" ind2="0">
            <subfield code="0">(DE-588)118656929</subfield>
            <subfield code="0">https://d-nb.info/gnd/118656929</subfield>
            <subfield code="0">(DE-101)118656929</subfield>
            <subfield code="D">p</subfield>
            <subfield code="a">Ballard, J. G.</subfield>
            <subfield code="d">1930-2009</subfield>
        </datafield>
        <datafield tag="689" ind1="0" ind2="1">
            <subfield code="0">(DE-588)4202544-8</subfield>
            <subfield code="0">https://d-nb.info/gnd/4202544-8</subfield>
            <subfield code="0">(DE-101)042025443</subfield>
            <subfield code="D">s</subfield>
            <subfield code="a">Politik</subfield>
            <subfield code="g">Motiv</subfield>
        </datafield>
        <datafield tag="689" ind1="0" ind2="2">
            <subfield code="0">(DE-588)4221315-0</subfield>
            <subfield code="0">https://d-nb.info/gnd/4221315-0</subfield>
            <subfield code="0">(DE-101)042213150</subfield>
            <subfield code="D">s</subfield>
            <subfield code="a">Kapitalismus</subfield>
            <subfield code="g">Motiv</subfield>
        </datafield>
        <datafield tag="689" ind1="0" ind2="3">
            <subfield code="0">(DE-588)4168422-9</subfield>
            <subfield code="0">https://d-nb.info/gnd/4168422-9</subfield>
            <subfield code="0">(DE-101)041684222</subfield>
            <subfield code="D">s</subfield>
            <subfield code="a">Macht</subfield>
            <subfield code="g">Motiv</subfield>
        </datafield>
        <datafield tag="710" ind1="2" ind2=" ">
            <subfield code="8">1\p</subfield>
            <subfield code="0">(DE-588)1065653190</subfield>
            <subfield code="0">https://d-nb.info/gnd/1065653190</subfield>
            <subfield code="0">(DE-101)1065653190</subfield>
            <subfield code="a">De Gruyter Mouton</subfield>
            <subfield code="e">Verlag</subfield>
            <subfield code="4">pbl</subfield>
            <subfield code="2">gnd</subfield>
        </datafield>
        <datafield tag="776" ind1="0" ind2="8">
            <subfield code="i">Erscheint auch als</subfield>
            <subfield code="n">Online-Ausgabe</subfield>
            <subfield code="a">Cord, Florian, 1982-</subfield>
            <subfield code="t">J.G. Ballard's Politics</subfield>
            <subfield code="d">Berlin/Boston : De Gruyter, 2017</subfield>
            <subfield code="h">Online-Ressourcen, 274 Seiten</subfield>
            <subfield code="w">(DE-101)112931720X</subfield>
        </datafield>
        <datafield tag="830" ind1=" " ind2="0">
            <subfield code="a">Buchreihe der Anglia</subfield>
            <subfield code="v">volume 54</subfield>
            <subfield code="w">(DE-101)012655996</subfield>
            <subfield code="w">(DE-600)505946-X</subfield>
            <subfield code="9">254</subfield>
            <subfield code="7">as</subfield>
        </datafield>
    </record>