
    <record>
        <leader>04300nam a2200493 i 4500</leader>
        <controlfield tag="001">999920378139302201</controlfield>
        <controlfield tag="003">BIBSYS</controlfield>
        <controlfield tag="005">20201008230348.0</controlfield>
        <controlfield tag="006">m     o  d |      </controlfield>
        <controlfield tag="007">cr#cnu||||||||</controlfield>
        <controlfield tag="008">170831t20162016ne a    ob    001 0 eng d</controlfield>
        <datafield tag="020" ind1=" " ind2=" ">
            <subfield code="a">90-04-31386-9</subfield>
        </datafield>
        <datafield tag="024" ind1="7" ind2=" ">
            <subfield code="a">10.1163/9789004313866</subfield>
            <subfield code="2">DOI</subfield>
        </datafield>
        <datafield tag="082" ind1="0" ind2=" ">
            <subfield code="a">823/.914</subfield>
            <subfield code="2">23</subfield>
        </datafield>
        <datafield tag="130" ind1="0" ind2="0">
            <subfield code="a">J.G. Ballard : landscapes of tomorrow</subfield>
            <subfield code="1">http://viaf.org/viaf/292466633/jgballard</subfield>
        </datafield>
        <datafield tag="245" ind1="0" ind2="0">
            <subfield code="a">J.G. Ballard :</subfield>
            <subfield code="b">landscapes of tomorrow /</subfield>
            <subfield code="c">edited by Richard Brown, Christopher Duffy, Elizabeth Stainforth.</subfield>
        </datafield>
        <datafield tag="264" ind1=" " ind2="1">
            <subfield code="a">Leiden, [The Netherlands] ;</subfield>
            <subfield code="a">Boston, [Massachusetts] :</subfield>
            <subfield code="b">Brill Rodopi,</subfield>
            <subfield code="c">2016.</subfield>
        </datafield>
        <datafield tag="264" ind1=" " ind2="4">
            <subfield code="c">©2016</subfield>
        </datafield>
        <datafield tag="300" ind1=" " ind2=" ">
            <subfield code="a">1 online resource (170 pages) :</subfield>
            <subfield code="b">illustrations.</subfield>
        </datafield>
        <datafield tag="336" ind1=" " ind2=" ">
            <subfield code="a">text</subfield>
            <subfield code="b">txt</subfield>
            <subfield code="2">rdacontent</subfield>
            <subfield code="0">http://rdaregistry.info/termList/RDAContentType/1020</subfield>
        </datafield>
        <datafield tag="337" ind1=" " ind2=" ">
            <subfield code="a">computer</subfield>
            <subfield code="b">c</subfield>
            <subfield code="2">rdamedia</subfield>
            <subfield code="0">http://rdaregistry.info/termList/RDAMediaType/1003</subfield>
        </datafield>
        <datafield tag="338" ind1=" " ind2=" ">
            <subfield code="a">online resource</subfield>
            <subfield code="b">cr</subfield>
            <subfield code="2">rdacarrier</subfield>
            <subfield code="0">http://rdaregistry.info/termList/RDACarrierType/1018</subfield>
        </datafield>
        <datafield tag="336" ind1=" " ind2=" ">
            <subfield code="a">tekst</subfield>
            <subfield code="0">http://rdaregistry.info/termList/RDAContentType/1020</subfield>
        </datafield>
        <datafield tag="337" ind1=" " ind2=" ">
            <subfield code="a">datamaskin</subfield>
            <subfield code="0">http://rdaregistry.info/termList/RDAMediaType/1003</subfield>
        </datafield>
        <datafield tag="338" ind1=" " ind2=" ">
            <subfield code="a">online ressurs</subfield>
            <subfield code="0">http://rdaregistry.info/termList/RDACarrierType/1018</subfield>
        </datafield>
        <datafield tag="347" ind1=" " ind2=" ">
            <subfield code="a">data file</subfield>
            <subfield code="2">rda</subfield>
        </datafield>
        <datafield tag="380" ind1=" " ind2=" ">
            <subfield code="a">Språkbasert verk</subfield>
            <subfield code="1">https://schema.nb.no/Bibliographic/Values/V1000</subfield>
        </datafield>
        <datafield tag="490" ind1="1" ind2=" ">
            <subfield code="a">Dialogue,</subfield>
            <subfield code="x">1574-9630 ;</subfield>
            <subfield code="v">Volume 22</subfield>
        </datafield>
        <datafield tag="504" ind1=" " ind2=" ">
            <subfield code="a">Includes bibliographical references and index.</subfield>
        </datafield>
        <datafield tag="505" ind1="0" ind2="0">
            <subfield code="t">Preliminary Material /</subfield>
            <subfield code="r">Richard Brown , Christopher Duffy and Elizabeth Stainforth --</subfield>
            <subfield code="t">Introduction /</subfield>
            <subfield code="r">Richard Brown , Christopher Duffy and Elizabeth Stainforth --</subfield>
            <subfield code="t">Shanghai/Shepperton /</subfield>
            <subfield code="r">Fay Ballard --</subfield>
            <subfield code="t">J.G. Ballard and the Drowned World of Shanghai /</subfield>
            <subfield code="r">Graham Matthews --</subfield>
            <subfield code="t">Aeolian Harps in the Desert: Romanticism and Vermilion Sands /</subfield>
            <subfield code="r">Thomas Knowles --</subfield>
            <subfield code="t">Zones of Non-time: Residues of Iconic Events in Ballard's Fiction /</subfield>
            <subfield code="r">Catherine McKenna --</subfield>
            <subfield code="t">Speeding to the Doldrums: Stalled Futures and the Disappearance of Tomorrow in "The Dead Astronaut" /</subfield>
            <subfield code="r">Andrew Warstat --</subfield>
            <subfield code="t">Jarry, Joyce and the Apocalyptic Intertextuality of The Atrocity Exhibition /</subfield>
            <subfield code="r">Richard Brown --</subfield>
            <subfield code="t">Geometries of the Imagination: The Map-Territory Relation in The Atrocity Exhibition /</subfield>
            <subfield code="r">Guglielmo Poli --</subfield>
            <subfield code="t">"The Logic of the Visible at the Service of the Invisible": Reading Invisible Literature in The Atrocity Exhibition /</subfield>
            <subfield code="r">Elizabeth Stainforth --</subfield>
            <subfield code="t">Hidden Heterotopias in Crash /</subfield>
            <subfield code="r">Christopher Duffy --</subfield>
            <subfield code="t">Pillars of the Community: The Tripartite Characterization of High-Rise /</subfield>
            <subfield code="r">William Fingleton --</subfield>
            <subfield code="t">Fascisms and the Politics of Nowhere in Kingdom Come /</subfield>
            <subfield code="r">Jeannette Baxter --</subfield>
            <subfield code="t">Index /</subfield>
            <subfield code="r">Richard Brown , Christopher Duffy and Elizabeth Stainforth.</subfield>
        </datafield>
        <datafield tag="520" ind1=" " ind2=" ">
            <subfield code="a">An innovative volume of interdisciplinary essays on the significant British writer J. G. Ballard (1930-2009), exploring the physical, cultural and intertextual landscapes in several key novels with a central focus on The Atrocity Exhibition (1970), one of the most challenging texts in contemporary literature. Contributors include established critics of Ballard alongside newcomers. Different spatial concepts underpin the essays, from the landscapes of Ballard's youth in Shanghai and his life in suburban London, to nuclear testing spaces and outer space exploration. Figurative locations typical of Ballard's work are explored, including the beach, the motorway, the high-rise and the shopping mall. Textual spaces are explored through Ballard's affiliation with modernist literary forms, including surrealist prose writing and collage, and poetic romanticism.</subfield>
        </datafield>
        <datafield tag="588" ind1=" " ind2=" ">
            <subfield code="a">Description based on print version record.</subfield>
        </datafield>
        <datafield tag="600" ind1="1" ind2="0">
            <subfield code="a">Ballard, J. G.</subfield>
            <subfield code="d">1930-2009</subfield>
            <subfield code="x">Criticism and interpretation</subfield>
            <subfield code="1">http://viaf.org/viaf/9842556</subfield>
        </datafield>
        <datafield tag="600" ind1="1" ind2="0">
            <subfield code="a">Ballard, J. G.</subfield>
            <subfield code="t">The atrocity exhibition</subfield>
            <subfield code="1">http://viaf.org/viaf/182227002</subfield>
        </datafield>
        <datafield tag="700" ind1="1" ind2=" ">
            <subfield code="a">Brown, Richard</subfield>
            <subfield code="d">1954-</subfield>
            <subfield code="e">editor</subfield>
            <subfield code="4">edc</subfield>
            <subfield code="1">http://viaf.org/viaf/292466633</subfield>
        </datafield>
        <datafield tag="700" ind1="1" ind2=" ">
            <subfield code="a">Duffy, Christopher</subfield>
            <subfield code="d">1977-</subfield>
            <subfield code="e">editor</subfield>
            <subfield code="4">edc</subfield>
        </datafield>
        <datafield tag="700" ind1="1" ind2=" ">
            <subfield code="a">Stainforth, Elizabeth</subfield>
            <subfield code="d">1986-</subfield>
            <subfield code="e">editor</subfield>
            <subfield code="4">edc</subfield>
        </datafield>
        <datafield tag="776" ind1=" " ind2=" ">
            <subfield code="z">90-04-31385-0</subfield>
        </datafield>
        <datafield tag="830" ind1=" " ind2="0">
            <subfield code="a">Dialogue (Brill Rodopi (Firm)) ;</subfield>
            <subfield code="v">v. 22.</subfield>
        </datafield>
    </record>