
    <record>
        <leader>01221nam a22002773  4500</leader>
        <controlfield tag="001">001802009</controlfield>
        <controlfield tag="003">UK</controlfield>
        <controlfield tag="005">20130521173000.0</controlfield>
        <controlfield tag="008">950331|1975||||enk    ||    |||| ||eng  </controlfield>
        <datafield tag="020" ind1=" " ind2=" ">
            <subfield code="a">0552097489</subfield>
        </datafield>
        <datafield tag="245" ind1="1" ind2="4">
            <subfield code="a">The inner landscape. [Stories by] Mervyn Peake, J. G. Ballard, Brian W. Aldiss. (Reissued.).</subfield>
        </datafield>
        <datafield tag="260" ind1=" " ind2=" ">
            <subfield code="a">Ealing :</subfield>
            <subfield code="b">Corgi Books, Transworld Publishers,</subfield>
            <subfield code="c">1975.</subfield>
        </datafield>
        <datafield tag="300" ind1=" " ind2=" ">
            <subfield code="a">186 pages ;</subfield>
            <subfield code="c">18 cm.</subfield>
        </datafield>
        <datafield tag="336" ind1=" " ind2=" ">
            <subfield code="a">tekst</subfield>
            <subfield code="0">http://rdaregistry.info/termList/RDAContentType/1020</subfield>
        </datafield>
        <datafield tag="337" ind1=" " ind2=" ">
            <subfield code="a">uformidlet</subfield>
            <subfield code="0">http://rdaregistry.info/termList/RDAMediaType/1007</subfield>
        </datafield>
        <datafield tag="338" ind1=" " ind2=" ">
            <subfield code="a">bind</subfield>
            <subfield code="0">http://rdaregistry.info/termList/RDACarrierType/1049</subfield>
        </datafield>
        <datafield tag="380" ind1=" " ind2=" ">
            <subfield code="a">Språkbasert verk</subfield>
            <subfield code="1">https://schema.nb.no/Bibliographic/Values/V1000</subfield>
        </datafield>
        <datafield tag="490" ind1="0" ind2=" ">
            <subfield code="a">(Corgi SF collector's library.)</subfield>
        </datafield>
        <datafield tag="500" ind1=" " ind2=" ">
            <subfield code="a">Printed in New York.</subfield>
        </datafield>
        <datafield tag="700" ind1="1" ind2="2">
            <subfield code="a">Aldiss, Brian W.</subfield>
            <subfield code="d">1925-</subfield>
            <subfield code="t">Danger, Religion!</subfield>
            <subfield code="1">http://viaf.org/viaf/183421260</subfield>
        </datafield>
        <datafield tag="700" ind1="1" ind2="2">
            <subfield code="a">Ballard, J. G.</subfield>
            <subfield code="d">1930-2009</subfield>
            <subfield code="t">The voices of time</subfield>
            <subfield code="1">http://viaf.org/viaf/311471559</subfield>
        </datafield>
        <datafield tag="700" ind1="1" ind2="2">
            <subfield code="a">Peake, Mervyn Laurence</subfield>
            <subfield code="d">1911-1968</subfield>
            <subfield code="t">Boy in darkness</subfield>
            <subfield code="1">http://viaf.org/viaf/309308512</subfield>
        </datafield>
        <datafield tag="720" ind1=" " ind2=" ">
            <subfield code="a">INNER LANDSCAPE</subfield>
            <subfield code="e">main entry</subfield>
        </datafield>
    </record>