
    <record>
        <leader>01772nam a2200361 c 4500</leader>
        <controlfield tag="001">820197149</controlfield>
        <controlfield tag="003">DE-101</controlfield>
        <controlfield tag="005">20171202065745.0</controlfield>
        <controlfield tag="007">tu</controlfield>
        <controlfield tag="008">811215s1981    gw ||||| |||| 00||||ger  </controlfield>
        <datafield tag="016" ind1="7" ind2=" ">
            <subfield code="2">DE-101</subfield>
            <subfield code="a">820197149</subfield>
        </datafield>
        <datafield tag="020" ind1=" " ind2=" ">
            <subfield code="a">3518372270</subfield>
            <subfield code="c">kart. : DM 7.00</subfield>
            <subfield code="9">3-518-37227-0</subfield>
        </datafield>
        <datafield tag="020" ind1=" " ind2=" ">
            <subfield code="a">9783518372272</subfield>
            <subfield code="c">kart. : DM 7.00</subfield>
            <subfield code="9">978-3-518-37227-2</subfield>
        </datafield>
        <datafield tag="041" ind1=" " ind2=" ">
            <subfield code="a">ger</subfield>
        </datafield>
        <datafield tag="100" ind1="1" ind2=" ">
            <subfield code="0">(DE-588)118656929</subfield>
            <subfield code="0">https://d-nb.info/gnd/118656929</subfield>
            <subfield code="0">(DE-101)118656929</subfield>
            <subfield code="a">Ballard, J. G.</subfield>
            <subfield code="d">1930-2009</subfield>
            <subfield code="e">Verfasser</subfield>
            <subfield code="4">aut</subfield>
            <subfield code="2">gnd</subfield>
            <subfield code="1">http://viaf.org/viaf/9842556</subfield>
            <subfield code="4">http://rdaregistry.info/Elements/w/object/P10061</subfield>
        </datafield>
        <datafield tag="245" ind1="1" ind2="0">
            <subfield code="a">Der ewige Tag und andere Science-fiction-Erzählungen</subfield>
            <subfield code="c">J. G. Ballard. [Dt. von Michael Walter]</subfield>
        </datafield>
        <datafield tag="250" ind1=" " ind2=" ">
            <subfield code="a">1. Aufl.</subfield>
        </datafield>
        <datafield tag="259" ind1=" " ind2=" ">
            <subfield code="a">11</subfield>
        </datafield>
        <datafield tag="264" ind1=" " ind2="1">
            <subfield code="a">Frankfurt am Main</subfield>
            <subfield code="b">Suhrkamp</subfield>
            <subfield code="c">1981</subfield>
        </datafield>
        <datafield tag="300" ind1=" " ind2=" ">
            <subfield code="a">177 S.</subfield>
            <subfield code="c">18 cm</subfield>
        </datafield>
        <datafield tag="336" ind1=" " ind2=" ">
            <subfield code="a">Text</subfield>
            <subfield code="b">txt</subfield>
            <subfield code="2">rdacontent</subfield>
            <subfield code="0">http://rdaregistry.info/termList/RDAContentType/1020</subfield>
        </datafield>
        <datafield tag="337" ind1=" " ind2=" ">
            <subfield code="a">ohne Hilfsmittel zu benutzen</subfield>
            <subfield code="b">n</subfield>
            <subfield code="2">rdamedia</subfield>
            <subfield code="0">http://rdaregistry.info/termList/RDAMediaType/1007</subfield>
        </datafield>
        <datafield tag="338" ind1=" " ind2=" ">
            <subfield code="a">Band</subfield>
            <subfield code="b">nc</subfield>
            <subfield code="2">rdacarrier</subfield>
            <subfield code="0">http://rdaregistry.info/termList/RDACarrierType/1049</subfield>
        </datafield>
        <datafield tag="490" ind1="1" ind2=" ">
            <subfield code="a">Phantastische Bibliothek</subfield>
            <subfield code="v">Bd. 56</subfield>
        </datafield>
        <datafield tag="490" ind1="1" ind2=" ">
            <subfield code="a">Suhrkamp Taschenbuch</subfield>
            <subfield code="v">727</subfield>
        </datafield>
        <datafield tag="700" ind1="1" ind2="2">
            <subfield code="a">Ballard, J. G.</subfield>
            <subfield code="d">1930-2009</subfield>
            <subfield code="2">gnd</subfield>
            <subfield code="t">The day of forever</subfield>
            <subfield code="g">dt</subfield>
            <subfield code="1">http://viaf.org/viaf/307992426</subfield>
        </datafield>
        <datafield tag="700" ind1="1" ind2="2">
            <subfield code="a">Walter, Michael</subfield>
            <subfield code="4">trl</subfield>
            <subfield code="1">https://isni.org/isni/0000000110758382</subfield>
            <subfield code="4">http://rdaregistry.info/Elements/e/object/P20037</subfield>
        </datafield>
        <datafield tag="830" ind1=" " ind2="0">
            <subfield code="a">Phantastische Bibliothek</subfield>
            <subfield code="v">Bd. 56</subfield>
            <subfield code="w">(DE-101)012995118</subfield>
            <subfield code="w">(DE-600)547149-7</subfield>
            <subfield code="9">256</subfield>
            <subfield code="7">as</subfield>
        </datafield>
        <datafield tag="830" ind1=" " ind2="0">
            <subfield code="a">Suhrkamp Taschenbuch</subfield>
            <subfield code="v">727</subfield>
            <subfield code="w">(DE-101)015103463</subfield>
            <subfield code="w">(DE-600)968207-7</subfield>
            <subfield code="9">3727</subfield>
            <subfield code="7">as</subfield>
        </datafield>
    </record>