
    <record>
        <leader>03105cam a22004337i 4500</leader>
        <controlfield tag="001">20217838</controlfield>
        <controlfield tag="003">SE-LIBR</controlfield>
        <controlfield tag="005">20170403112005.0</controlfield>
        <controlfield tag="008">170403t20172017enk|||||||||||001 0|eng|d</controlfield>
        <datafield tag="020" ind1=" " ind2=" ">
            <subfield code="a">1474233503</subfield>
            <subfield code="q">(PB)</subfield>
        </datafield>
        <datafield tag="020" ind1=" " ind2=" ">
            <subfield code="a">1474233511</subfield>
        </datafield>
        <datafield tag="020" ind1=" " ind2=" ">
            <subfield code="a">9781474233507</subfield>
            <subfield code="q">(PB)</subfield>
        </datafield>
        <datafield tag="020" ind1=" " ind2=" ">
            <subfield code="a">9781474233514</subfield>
        </datafield>
        <datafield tag="020" ind1=" " ind2=" ">
            <subfield code="z">9781474233521 ((epub)</subfield>
        </datafield>
        <datafield tag="020" ind1=" " ind2=" ">
            <subfield code="z">9781474233538 ((pdf)</subfield>
        </datafield>
        <datafield tag="041" ind1=" " ind2=" ">
            <subfield code="a">eng</subfield>
        </datafield>
        <datafield tag="082" ind1="0" ind2="4">
            <subfield code="a">809/.93353</subfield>
            <subfield code="2">23</subfield>
        </datafield>
        <datafield tag="100" ind1="1" ind2=" ">
            <subfield code="a">Tate, Andrew</subfield>
            <subfield code="d">1971-</subfield>
            <subfield code="4">aut</subfield>
            <subfield code="1">http://viaf.org/viaf/24930412</subfield>
            <subfield code="4">http://rdaregistry.info/Elements/w/object/P10061</subfield>
        </datafield>
        <datafield tag="240" ind1=" " ind2=" ">
            <subfield code="a">Apocalyptic fiction</subfield>
            <subfield code="1">http://viaf.org/viaf/24930412/apocalypticfiction</subfield>
        </datafield>
        <datafield tag="245" ind1="1" ind2="0">
            <subfield code="a">Apocalyptic fiction /</subfield>
            <subfield code="c">Andrew Tate.</subfield>
        </datafield>
        <datafield tag="264" ind1=" " ind2="1">
            <subfield code="a">London, UK ;</subfield>
            <subfield code="a">New York, NY, USA :</subfield>
            <subfield code="b">Bloomsbury Academic, an imprint of Bloomsbury Publishing Plc,</subfield>
            <subfield code="c">[2017]</subfield>
        </datafield>
        <datafield tag="264" ind1=" " ind2="4">
            <subfield code="c">©2017.</subfield>
        </datafield>
        <datafield tag="300" ind1=" " ind2=" ">
            <subfield code="a">179 pages</subfield>
            <subfield code="c">23 cm.</subfield>
        </datafield>
        <datafield tag="336" ind1=" " ind2=" ">
            <subfield code="a">tekst</subfield>
            <subfield code="0">http://rdaregistry.info/termList/RDAContentType/1020</subfield>
        </datafield>
        <datafield tag="337" ind1=" " ind2=" ">
            <subfield code="a">uformidlet</subfield>
            <subfield code="0">http://rdaregistry.info/termList/RDAMediaType/1007</subfield>
        </datafield>
        <datafield tag="338" ind1=" " ind2=" ">
            <subfield code="a">bind</subfield>
            <subfield code="0">http://rdaregistry.info/termList/RDACarrierType/1049</subfield>
        </datafield>
        <datafield tag="380" ind1=" " ind2=" ">
            <subfield code="a">Språkbasert verk</subfield>
            <subfield code="1">https://schema.nb.no/Bibliographic/Values/V1000</subfield>
        </datafield>
        <datafield tag="490" ind1="1" ind2=" ">
            <subfield code="a">21st century genre fiction</subfield>
        </datafield>
        <datafield tag="504" ind1=" " ind2=" ">
            <subfield code="a">Includes bibliographical references (pages 139-171) and index</subfield>
        </datafield>
        <datafield tag="505" ind1="8" ind2=" ">
            <subfield code="a">1. Introduction: Dreams of the 'ruined' future -- 2. 'God rains over everything': Two floods -- 3. 'Sudden departure': Rapture writing -- 4. 'In the beginning, there was chaos': Atwood, apocalypse, art -- 5. Empty roads: Walking after catastrophe -- 6. Keep watching: Spectacle, rebellion and apocalyptic rites of passage -- 7. Conclusion: 'Survival is insufficient.'</subfield>
        </datafield>
        <datafield tag="520" ind1="8" ind2=" ">
            <subfield code="a">Visions of post-apocalyptic worlds have proved to be irresistible for many 21st-century writers, from literary novelists to fantasy and young adult writers. Exploring a wide range of texts, from the works of Margaret Atwood, Cormac McCarthy and David Mitchell to young adult novels such as Suzanne Collins's The Hunger Games series, this is the first critical introduction to contemporary apocalyptic fiction. Exploring the cultural and political contexts of these writings and their echoes in popular media, Apocalyptic Fiction also examines how contemporary apocalyptic texts looks back to earlier writings by the likes of Mary Shelley, H.G. Wells and J.G. Ballard. Apocalyptic Fiction includes an annotated guide to secondary readings, making this an essential guide for students of contemporary fiction at all levels.</subfield>
        </datafield>
        <datafield tag="830" ind1=" " ind2="0">
            <subfield code="a">21st century genre fiction series</subfield>
        </datafield>
    </record>