
    <record>
        <leader>07958cam a22006133a 4500</leader>
        <controlfield tag="001">12310391</controlfield>
        <controlfield tag="003">SE-LIBR</controlfield>
        <controlfield tag="005">20160216100633.0</controlfield>
        <controlfield tag="006">m     o  d |      </controlfield>
        <controlfield tag="007">cr |||   |||||         </controlfield>
        <controlfield tag="008">110927s2005    mau|||||ob||||001 0|eng|d</controlfield>
        <datafield tag="020" ind1=" " ind2=" ">
            <subfield code="a">9780470997055</subfield>
        </datafield>
        <datafield tag="020" ind1=" " ind2=" ">
            <subfield code="z">9781405112185 (Print)</subfield>
        </datafield>
        <datafield tag="024" ind1="7" ind2=" ">
            <subfield code="a">10.1002/9780470997055</subfield>
            <subfield code="2">doi</subfield>
        </datafield>
        <datafield tag="037" ind1=" " ind2=" ">
            <subfield code="a">10.1002/9780470997055</subfield>
            <subfield code="b">Wiley InterScience</subfield>
            <subfield code="n">http://www3.interscience.wiley.com</subfield>
        </datafield>
        <datafield tag="041" ind1=" " ind2=" ">
            <subfield code="a">eng</subfield>
        </datafield>
        <datafield tag="082" ind1="0" ind2="4">
            <subfield code="a">809.3/8762</subfield>
            <subfield code="2">22</subfield>
        </datafield>
        <datafield tag="245" ind1="1" ind2="2">
            <subfield code="a">A companion to science fiction</subfield>
            <subfield code="h">[Elektronisk resurs] /</subfield>
            <subfield code="c">edited by David Seed.</subfield>
        </datafield>
        <datafield tag="264" ind1=" " ind2="1">
            <subfield code="a">Malden, MA :</subfield>
            <subfield code="b">Blackwell Pub.</subfield>
            <subfield code="c">2005</subfield>
        </datafield>
        <datafield tag="300" ind1=" " ind2=" ">
            <subfield code="a">xvi, 612 pages</subfield>
            <subfield code="c">26 cm.</subfield>
        </datafield>
        <datafield tag="336" ind1=" " ind2=" ">
            <subfield code="a">text</subfield>
            <subfield code="b">txt</subfield>
            <subfield code="2">rdacontent</subfield>
            <subfield code="0">http://rdaregistry.info/termList/RDAContentType/1020</subfield>
        </datafield>
        <datafield tag="337" ind1=" " ind2=" ">
            <subfield code="a">computer</subfield>
            <subfield code="b">c</subfield>
            <subfield code="2">rdamedia</subfield>
            <subfield code="0">http://rdaregistry.info/termList/RDAMediaType/1003</subfield>
        </datafield>
        <datafield tag="338" ind1=" " ind2=" ">
            <subfield code="a">online resource</subfield>
            <subfield code="b">cr</subfield>
            <subfield code="2">rdacarrier</subfield>
            <subfield code="0">http://rdaregistry.info/termList/RDACarrierType/1018</subfield>
        </datafield>
        <datafield tag="347" ind1=" " ind2=" ">
            <subfield code="a">data file</subfield>
            <subfield code="2">rda</subfield>
        </datafield>
        <datafield tag="490" ind1="1" ind2=" ">
            <subfield code="a">Blackwell companions to literature and culture ;</subfield>
            <subfield code="v">34</subfield>
        </datafield>
        <datafield tag="504" ind1=" " ind2=" ">
            <subfield code="a">Includes bibliographical references and index.</subfield>
        </datafield>
        <datafield tag="505" ind1="8" ind2=" ">
            <subfield code="a">Introduction : approaching science fiction -- pt. I. Surveying the field. -- Hard reading : the challenges of science fiction / Tom Shippey -- The origins of science fiction / George Slusser -- Science fiction/criticism / Istvan Csicsery-Ronay, Jr. -- Science-fiction magazines : the crucibles of change / Mike Ashley -- pt. II. Topics and debates. -- Utopia / Phillip E. Wegner -- Science fiction and religion / Stephen R.L. Clark -- "Monsters of the imagination" : Gothic, science, fiction / Fred Botting -- Science fiction and ecology / Brian Stableford -- Feminist fabulation / Marleen S. Barr -- Time and identity in feminist science fiction / Jenny Wolmark -- Science fiction and the Cold War / M. Keith Booker -- pt. III. Genres and movements. -- Hard science fiction / Gary Westfahl -- The new wave / Rob Latham -- Cyberpunk / Mark Bould -- Science fiction and postmodernism / Veronica Hollinger -- The renewal of "hard" science fiction / Donald M. Hassler -- pt. IV. Science fiction film. -- American science fiction film : an overview / Vivian Sobchack -- Figurations of the cyborg in contemporary science fiction novels and films / Christine Cornea -- British television science fiction / Peter Wright -- pt. V. The international scene. -- Canadian science fiction / Douglas Barbour -- Japanese and Asian science fiction / Takayuki Tatsumi -- Australian science fiction / Van Ikin and Sean McMullen.</subfield>
        </datafield>
        <datafield tag="505" ind1="8" ind2=" ">
            <subfield code="a">pt. VI. Key writers. -- The grandeur of H.G. Wells / Robert Crossley -- Isaac Asimov / John Clute -- John Wyndham : the facts of life sextet / David Ketterer -- Philip K. Dick / Christopher Palmer -- Samuel Delaney : a biographical and critical overview / Carl Freedman -- Ursula K. Le Guin / Warren G. Rochelle -- Gwyneth Jones and the anxieties of science fiction / Andy Sawyer -- Arthur C. Clarke / Edward James -- Greg Egan / Russell Blackford -- pt. VII. Readings. Mary Shelley : Frankenstein : or, the modern Prometheus / Susan E. Lederer and Richard M. Ratzan -- Charlotte Perkins Gilman : Herland / Jill Rudd -- Aldous Huxley : Brave new world / David Seed -- Ray Bradbury : Fahrenheit 451 / Brian Baker -- Joanna Russ : The female man / Jeanne Cortiel -- J.G. Ballard : Crash / Roger Luckhurst -- Margaret Atwood : The handmaid's tale / Faye Hammill -- William Gibson : Neuromancer / Andrew M. Butler -- Kim Stanley Robinson : Mars trilogy / Carol Franko -- Iain M. Banks : Excession / Farah Mendlesohn.</subfield>
        </datafield>
        <datafield tag="700" ind1="1" ind2=" ">
            <subfield code="a">Seed, David</subfield>
            <subfield code="4">edt</subfield>
            <subfield code="4">edc</subfield>
            <subfield code="4">http://rdaregistry.info/Elements/m/object/P30267</subfield>
        </datafield>
        <datafield tag="710" ind1="2" ind2=" ">
            <subfield code="a">Wiley InterScience (Online service)</subfield>
        </datafield>
        <datafield tag="776" ind1="0" ind2="8">
            <subfield code="i">Print</subfield>
            <subfield code="t">A companion to science fiction Original</subfield>
            <subfield code="z">9781405112185</subfield>
        </datafield>
        <datafield tag="830" ind1=" " ind2="0">
            <subfield code="a">Blackwell companions to literature and culture ;</subfield>
            <subfield code="v">34</subfield>
        </datafield>
    </record>