
    <record>
        <leader>01360cam a22003017a 4500</leader>
        <controlfield tag="001">11496404</controlfield>
        <controlfield tag="003">SE-LIBR</controlfield>
        <controlfield tag="005">20110204103444.0</controlfield>
        <controlfield tag="008">090703s2009    xxuac         00| 0 eng|c</controlfield>
        <datafield tag="020" ind1=" " ind2=" ">
            <subfield code="a">0-300-15436-4 (hbk.) :</subfield>
            <subfield code="c">¹19.99</subfield>
        </datafield>
        <datafield tag="020" ind1=" " ind2=" ">
            <subfield code="a">978-0-300-15436-8 (hbk.) :</subfield>
            <subfield code="c">¹19.99</subfield>
        </datafield>
        <datafield tag="082" ind1="0" ind2="4">
            <subfield code="a">809.933251</subfield>
            <subfield code="2">22</subfield>
        </datafield>
        <datafield tag="100" ind1="1" ind2=" ">
            <subfield code="a">Wood, Frances</subfield>
            <subfield code="d">1948-</subfield>
            <subfield code="1">http://viaf.org/viaf/38092539</subfield>
            <subfield code="4">http://rdaregistry.info/Elements/w/object/P10061</subfield>
        </datafield>
        <datafield tag="240" ind1=" " ind2=" ">
            <subfield code="a">The lure of China : writers from Marco Polo to J.G. Ballard</subfield>
            <subfield code="1">http://viaf.org/viaf/4129164782053308600001</subfield>
        </datafield>
        <datafield tag="245" ind1="1" ind2="4">
            <subfield code="a">The lure of China :</subfield>
            <subfield code="b">writers from Marco Polo to J.G. Ballard /</subfield>
            <subfield code="c">Frances Wood.</subfield>
        </datafield>
        <datafield tag="260" ind1=" " ind2=" ">
            <subfield code="a">New Haven, [Conn.] ;</subfield>
            <subfield code="a">London :</subfield>
            <subfield code="b">Yale University Press,</subfield>
            <subfield code="c">2009.</subfield>
        </datafield>
        <datafield tag="300" ind1=" " ind2=" ">
            <subfield code="a">283 pages :</subfield>
            <subfield code="b">illustrations (some color), portraits (some color) ;</subfield>
            <subfield code="c">22 cm.</subfield>
        </datafield>
        <datafield tag="336" ind1=" " ind2=" ">
            <subfield code="a">tekst</subfield>
            <subfield code="0">http://rdaregistry.info/termList/RDAContentType/1020</subfield>
        </datafield>
        <datafield tag="337" ind1=" " ind2=" ">
            <subfield code="a">uformidlet</subfield>
            <subfield code="0">http://rdaregistry.info/termList/RDAMediaType/1007</subfield>
        </datafield>
        <datafield tag="338" ind1=" " ind2=" ">
            <subfield code="a">bind</subfield>
            <subfield code="0">http://rdaregistry.info/termList/RDACarrierType/1049</subfield>
        </datafield>
        <datafield tag="380" ind1=" " ind2=" ">
            <subfield code="a">Språkbasert verk</subfield>
            <subfield code="1">https://schema.nb.no/Bibliographic/Values/V1000</subfield>
        </datafield>
        <datafield tag="504" ind1=" " ind2=" ">
            <subfield code="a">Includes bibliographical references and index.</subfield>
        </datafield>
    </record>