
    <record>
        <leader>02150cam a22004697i 4500</leader>
        <controlfield tag="001">hwzxv5dpfmtmj2w5</controlfield>
        <controlfield tag="003">SE-LIBR</controlfield>
        <controlfield tag="005">20210831162157.0</controlfield>
        <controlfield tag="008">210831s2018    xxk|||||||||||000 f|eng|c</controlfield>
        <datafield tag="020" ind1=" " ind2=" ">
            <subfield code="a">9780995455078</subfield>
            <subfield code="q">häftad</subfield>
        </datafield>
        <datafield tag="041" ind1=" " ind2=" ">
            <subfield code="a">eng</subfield>
        </datafield>
        <datafield tag="082" ind1="0" ind2="4">
            <subfield code="a">823.92</subfield>
            <subfield code="2">23/swe</subfield>
        </datafield>
        <datafield tag="100" ind1="1" ind2=" ">
            <subfield code="a">Sellars, Simon</subfield>
            <subfield code="4">aut</subfield>
            <subfield code="1">http://viaf.org/viaf/58855728</subfield>
            <subfield code="4">http://rdaregistry.info/Elements/w/object/P10061</subfield>
        </datafield>
        <datafield tag="240" ind1=" " ind2=" ">
            <subfield code="a">Applied Ballardianism : memoir from a parallel universe</subfield>
            <subfield code="1">http://viaf.org/viaf/58855728/appliedballardianism</subfield>
        </datafield>
        <datafield tag="245" ind1="1" ind2="0">
            <subfield code="a">Applied Ballardianism :</subfield>
            <subfield code="b">memoir from a parallel universe /</subfield>
            <subfield code="c">Simon Sellars.</subfield>
        </datafield>
        <datafield tag="264" ind1=" " ind2="1">
            <subfield code="a">Falmouth :</subfield>
            <subfield code="b">Urbanomic,</subfield>
            <subfield code="c">2018</subfield>
        </datafield>
        <datafield tag="300" ind1=" " ind2=" ">
            <subfield code="a">392 sidor</subfield>
        </datafield>
        <datafield tag="336" ind1=" " ind2=" ">
            <subfield code="a">text</subfield>
            <subfield code="b">txt</subfield>
            <subfield code="2">rdacontent</subfield>
            <subfield code="0">http://rdaregistry.info/termList/RDAContentType/1020</subfield>
        </datafield>
        <datafield tag="337" ind1=" " ind2=" ">
            <subfield code="a">unmediated</subfield>
            <subfield code="b">n</subfield>
            <subfield code="2">rdamedia</subfield>
            <subfield code="0">http://rdaregistry.info/termList/RDAMediaType/1007</subfield>
        </datafield>
        <datafield tag="338" ind1=" " ind2=" ">
            <subfield code="a">volume</subfield>
            <subfield code="b">nc</subfield>
            <subfield code="2">rdacarrier</subfield>
            <subfield code="0">http://rdaregistry.info/termList/RDACarrierType/1049</subfield>
        </datafield>
        <datafield tag="380" ind1=" " ind2=" ">
            <subfield code="a">Novel</subfield>
        </datafield>
        <datafield tag="490" ind1="0" ind2=" ">
            <subfield code="a">K-pulp : new adventures in theory-fiction</subfield>
        </datafield>
        <datafield tag="600" ind1="1" ind2="4">
            <subfield code="a">Ballard, J. G.</subfield>
            <subfield code="d">1930-2009</subfield>
            <subfield code="0">https://libris.kb.se/dbqssg6x38zr5cn#it</subfield>
            <subfield code="1">http://viaf.org/viaf/9842556</subfield>
        </datafield>
        <datafield tag="600" ind1="1" ind2="4">
            <subfield code="a">Sellars, Simon</subfield>
        </datafield>
    </record>