
    <record>
        <leader>02507cam a22003857c 4500</leader>
        <controlfield tag="001">991345036004702201</controlfield>
        <controlfield tag="003">BIBSYS</controlfield>
        <controlfield tag="005">20150206120624.0</controlfield>
        <controlfield tag="007">ta</controlfield>
        <controlfield tag="008">150206s1970    xx#|||||||||||000|||eng|d</controlfield>
        <datafield tag="020" ind1=" " ind2=" ">
            <subfield code="a">0583117252</subfield>
            <subfield code="q">h.</subfield>
        </datafield>
        <datafield tag="245" ind1="0" ind2="0">
            <subfield code="a">SF the best of the best :</subfield>
            <subfield code="b">Part one</subfield>
            <subfield code="c">Edited by Judith Merril</subfield>
        </datafield>
        <datafield tag="260" ind1=" " ind2=" ">
            <subfield code="a">London</subfield>
            <subfield code="b">Mayflower</subfield>
            <subfield code="c">1970</subfield>
        </datafield>
        <datafield tag="300" ind1=" " ind2=" ">
            <subfield code="a">203 s.</subfield>
        </datafield>
        <datafield tag="336" ind1=" " ind2=" ">
            <subfield code="a">tekst</subfield>
            <subfield code="0">http://rdaregistry.info/termList/RDAContentType/1020</subfield>
        </datafield>
        <datafield tag="337" ind1=" " ind2=" ">
            <subfield code="a">uformidlet</subfield>
            <subfield code="0">http://rdaregistry.info/termList/RDAMediaType/1007</subfield>
        </datafield>
        <datafield tag="338" ind1=" " ind2=" ">
            <subfield code="a">bind</subfield>
            <subfield code="0">http://rdaregistry.info/termList/RDACarrierType/1049</subfield>
        </datafield>
        <datafield tag="380" ind1=" " ind2=" ">
            <subfield code="a">Språkbasert verk</subfield>
            <subfield code="1">https://schema.nb.no/Bibliographic/Values/V1000</subfield>
        </datafield>
        <datafield tag="490" ind1="1" ind2=" ">
            <subfield code="a">SF the best of the best</subfield>
            <subfield code="v">1</subfield>
        </datafield>
        <datafield tag="700" ind1="1" ind2=" ">
            <subfield code="a">Abernathy, Robert</subfield>
            <subfield code="4">ctb</subfield>
            <subfield code="0">(NO-TrBIB)13022307</subfield>
            <subfield code="1">http://viaf.org/viaf/85394371</subfield>
            <subfield code="4">http://rdaregistry.info/Elements/m/object/P30327</subfield>
        </datafield>
        <datafield tag="700" ind1="1" ind2=" ">
            <subfield code="a">Ballard, J. G.</subfield>
            <subfield code="d">1930-2009</subfield>
            <subfield code="4">ctb</subfield>
            <subfield code="0">(NO-TrBIB)90199005</subfield>
            <subfield code="4">ctb</subfield>
            <subfield code="1">http://viaf.org/viaf/9842556</subfield>
            <subfield code="4">http://rdaregistry.info/Elements/m/object/P30327</subfield>
        </datafield>
        <datafield tag="700" ind1="1" ind2=" ">
            <subfield code="a">Emshwiller, Carol</subfield>
            <subfield code="d">1921-</subfield>
            <subfield code="4">ctb</subfield>
            <subfield code="0">(NO-TrBIB)13020578</subfield>
            <subfield code="4">http://rdaregistry.info/Elements/m/object/P30327</subfield>
        </datafield>
        <datafield tag="700" ind1="1" ind2=" ">
            <subfield code="a">Knight, Damon</subfield>
            <subfield code="4">ctb</subfield>
            <subfield code="0">(NO-TrBIB)90762006</subfield>
            <subfield code="1">http://viaf.org/viaf/62070456</subfield>
            <subfield code="4">http://rdaregistry.info/Elements/m/object/P30327</subfield>
        </datafield>
        <datafield tag="700" ind1="1" ind2=" ">
            <subfield code="a">Leiber, Fritz</subfield>
            <subfield code="d">1910-1992</subfield>
            <subfield code="4">ctb</subfield>
            <subfield code="0">(NO-TrBIB)90705550</subfield>
            <subfield code="1">http://viaf.org/viaf/36920990</subfield>
            <subfield code="4">http://rdaregistry.info/Elements/m/object/P30327</subfield>
        </datafield>
        <datafield tag="700" ind1="1" ind2=" ">
            <subfield code="a">McKenna, Richard M.</subfield>
            <subfield code="4">ctb</subfield>
            <subfield code="0">(NO-TrBIB)13071806</subfield>
            <subfield code="4">http://rdaregistry.info/Elements/m/object/P30327</subfield>
        </datafield>
        <datafield tag="700" ind1="1" ind2=" ">
            <subfield code="a">Merril, Judith</subfield>
            <subfield code="4">edt</subfield>
            <subfield code="4">edc</subfield>
            <subfield code="0">(NO-TrBIB)8036947</subfield>
            <subfield code="1">http://viaf.org/viaf/84170355</subfield>
            <subfield code="4">http://rdaregistry.info/Elements/m/object/P30267</subfield>
        </datafield>
        <datafield tag="700" ind1="1" ind2=" ">
            <subfield code="a">Miller, Walter M. Jr</subfield>
            <subfield code="4">ctb</subfield>
            <subfield code="0">(NO-TrBIB)12069457</subfield>
            <subfield code="4">http://rdaregistry.info/Elements/m/object/P30327</subfield>
        </datafield>
        <datafield tag="700" ind1="1" ind2=" ">
            <subfield code="a">Reynolds, Mack</subfield>
            <subfield code="4">ctb</subfield>
            <subfield code="0">(NO-TrBIB)12056609</subfield>
            <subfield code="4">http://rdaregistry.info/Elements/m/object/P30327</subfield>
        </datafield>
        <datafield tag="700" ind1="1" ind2=" ">
            <subfield code="a">Simak, Clifford D.</subfield>
            <subfield code="4">ctb</subfield>
            <subfield code="0">(NO-TrBIB)90127777</subfield>
            <subfield code="4">http://rdaregistry.info/Elements/m/object/P30327</subfield>
        </datafield>
        <datafield tag="700" ind1="1" ind2=" ">
            <subfield code="a">Smith, Cordwainer</subfield>
            <subfield code="d">1913-1966</subfield>
            <subfield code="4">ctb</subfield>
            <subfield code="0">(NO-TrBIB)8046668</subfield>
            <subfield code="1">http://viaf.org/viaf/79035897</subfield>
            <subfield code="4">http://rdaregistry.info/Elements/m/object/P30327</subfield>
        </datafield>
        <datafield tag="700" ind1="1" ind2=" ">
            <subfield code="a">Sturgeon, Theodore</subfield>
            <subfield code="d">1918-1985</subfield>
            <subfield code="4">ctb</subfield>
            <subfield code="0">(NO-TrBIB)90967876</subfield>
            <subfield code="1">http://viaf.org/viaf/100257330</subfield>
            <subfield code="4">http://rdaregistry.info/Elements/m/object/P30327</subfield>
        </datafield>
        <datafield tag="700" ind1="1" ind2=" ">
            <subfield code="a">Thomas, Theodore L.</subfield>
            <subfield code="4">ctb</subfield>
            <subfield code="0">(NO-TrBIB)90073818</subfield>
            <subfield code="4">http://rdaregistry.info/Elements/m/object/P30327</subfield>
        </datafield>
        <datafield tag="830" ind1=" " ind2="0">
            <subfield code="a">SF the best of the best</subfield>
            <subfield code="v">1</subfield>
        </datafield>
    </record>