
    <record>
        <leader>02196cam a22003733a 4500</leader>
        <controlfield tag="001">18640785</controlfield>
        <controlfield tag="003">SE-LIBR</controlfield>
        <controlfield tag="005">20151111142804.0</controlfield>
        <controlfield tag="008">151111s1981    enk           000 1 eng d</controlfield>
        <datafield tag="016" ind1="7" ind2=" ">
            <subfield code="a">009-14577</subfield>
            <subfield code="2">uk</subfield>
        </datafield>
        <datafield tag="016" ind1="7" ind2=" ">
            <subfield code="a">GB8-12018</subfield>
            <subfield code="2">uk</subfield>
        </datafield>
        <datafield tag="020" ind1=" " ind2=" ">
            <subfield code="a">009145770X</subfield>
        </datafield>
        <datafield tag="020" ind1=" " ind2=" ">
            <subfield code="a">9780091457709</subfield>
        </datafield>
        <datafield tag="082" ind1="0" ind2="4">
            <subfield code="a">823/.0876/08</subfield>
            <subfield code="2">19</subfield>
        </datafield>
        <datafield tag="082" ind1="0" ind2="4">
            <subfield code="a">823/.9/1</subfield>
            <subfield code="2">18</subfield>
        </datafield>
        <datafield tag="245" ind1="0" ind2="4">
            <subfield code="a">The golden age of science fiction /</subfield>
            <subfield code="c">selected and introduced by Kingsley Amis.</subfield>
        </datafield>
        <datafield tag="260" ind1=" " ind2=" ">
            <subfield code="a">London :</subfield>
            <subfield code="b">Hutchinson,</subfield>
            <subfield code="c">1981.</subfield>
        </datafield>
        <datafield tag="300" ind1=" " ind2=" ">
            <subfield code="a">370 pages ;</subfield>
            <subfield code="c">22 cm</subfield>
        </datafield>
        <datafield tag="336" ind1=" " ind2=" ">
            <subfield code="a">text</subfield>
            <subfield code="b">txt</subfield>
            <subfield code="2">rdacontent</subfield>
            <subfield code="0">http://rdaregistry.info/termList/RDAContentType/1020</subfield>
        </datafield>
        <datafield tag="337" ind1=" " ind2=" ">
            <subfield code="a">unmediated</subfield>
            <subfield code="b">n</subfield>
            <subfield code="2">rdamedia</subfield>
            <subfield code="0">http://rdaregistry.info/termList/RDAMediaType/1007</subfield>
        </datafield>
        <datafield tag="338" ind1=" " ind2=" ">
            <subfield code="a">volume</subfield>
            <subfield code="b">nc</subfield>
            <subfield code="2">rdacarrier</subfield>
            <subfield code="0">http://rdaregistry.info/termList/RDACarrierType/1049</subfield>
        </datafield>
        <datafield tag="380" ind1=" " ind2=" ">
            <subfield code="a">Fiction</subfield>
        </datafield>
        <datafield tag="505" ind1="0" ind2="0">
            <subfield code="t">Quest for St Aquin /</subfield>
            <subfield code="r">Anthony Boucher --</subfield>
            <subfield code="t">Xi effect /</subfield>
            <subfield code="r">Philip Latham --</subfield>
            <subfield code="t">Tunnel under the world /</subfield>
            <subfield code="r">Frederik Pohl --</subfield>
            <subfield code="t">Old hundredth /</subfield>
            <subfield code="r">Brian W. Aldiss --</subfield>
            <subfield code="t">Work of art /</subfield>
            <subfield code="r">James Blish --</subfield>
            <subfield code="t">Harrison Bergeron /</subfield>
            <subfield code="r">Kurt Vonnegut Jr. --</subfield>
            <subfield code="t">Voices of time /</subfield>
            <subfield code="r">J.G. Ballard --</subfield>
            <subfield code="t">Specialist /</subfield>
            <subfield code="r">Robert Sheckley --</subfield>
            <subfield code="t">He walked around the horses /</subfield>
            <subfield code="r">H. Beam Piper --</subfield>
            <subfield code="t">Game of rat and dragon /</subfield>
            <subfield code="r">Cordwainer Smith --</subfield>
            <subfield code="t">Nine billion names of God /</subfield>
            <subfield code="r">Arthur C. Clarke --</subfield>
            <subfield code="t">Streets of Askelon /</subfield>
            <subfield code="r">Harry Harrison --</subfield>
            <subfield code="t">Country of the kind /</subfield>
            <subfield code="r">Damon Knight --</subfield>
            <subfield code="t">Machine that won the war /</subfield>
            <subfield code="r">Isaac Asimov --</subfield>
            <subfield code="t">Student body /</subfield>
            <subfield code="r">F.L. Wallace --</subfield>
            <subfield code="t">It's a good life /</subfield>
            <subfield code="r">Jerome Bixby --</subfield>
            <subfield code="t">Sister planet /</subfield>
            <subfield code="r">Poul Anderson.</subfield>
        </datafield>
        <datafield tag="700" ind1="1" ind2=" ">
            <subfield code="a">Amis, Kingsley</subfield>
            <subfield code="4">edc</subfield>
            <subfield code="4">edt</subfield>
            <subfield code="1">http://viaf.org/viaf/311112707</subfield>
            <subfield code="4">http://rdaregistry.info/Elements/m/object/P30267</subfield>
        </datafield>
        <datafield tag="700" ind1="1" ind2="2">
            <subfield code="a">Ballard, J. G.</subfield>
            <subfield code="d">1930-2009</subfield>
            <subfield code="t">The voices of time</subfield>
            <subfield code="1">http://viaf.org/viaf/311471559</subfield>
        </datafield>
        <datafield tag="776" ind1="0" ind2="8">
            <subfield code="i">Online version:</subfield>
            <subfield code="t">Golden age of science fiction.</subfield>
            <subfield code="d">London : Hutchinson, 1981</subfield>
            <subfield code="w">(OCoLC)558543024</subfield>
        </datafield>
    </record>