
    <record>
        <leader>02081cam a2200445 i 4500</leader>
        <controlfield tag="001">011514064</controlfield>
        <controlfield tag="003">FI-MELINDA</controlfield>
        <controlfield tag="005">20220214123254.0</controlfield>
        <controlfield tag="008">171009s1996    fi |||||||||||||||f|fin| </controlfield>
        <datafield tag="020" ind1=" " ind2=" ">
            <subfield code="a">952-9646-83-6</subfield>
            <subfield code="q">nidottu</subfield>
        </datafield>
        <datafield tag="041" ind1="1" ind2=" ">
            <subfield code="a">fin</subfield>
            <subfield code="h">eng</subfield>
        </datafield>
        <datafield tag="080" ind1=" " ind2=" ">
            <subfield code="a">820</subfield>
            <subfield code="x">-3</subfield>
        </datafield>
        <datafield tag="100" ind1="1" ind2=" ">
            <subfield code="a">Ballard, J. G.</subfield>
            <subfield code="1">http://viaf.org/viaf/9842556</subfield>
            <subfield code="4">http://rdaregistry.info/Elements/w/object/P10061</subfield>
        </datafield>
        <datafield tag="240" ind1="1" ind2="0">
            <subfield code="a">Crash</subfield>
            <subfield code="1">http://viaf.org/viaf/305922109</subfield>
        </datafield>
        <datafield tag="245" ind1="1" ind2="0">
            <subfield code="a">Crash =</subfield>
            <subfield code="b">Kolari /</subfield>
            <subfield code="c">J. G. Ballard ; [suomennos: Ville Keynäs].</subfield>
        </datafield>
        <datafield tag="260" ind1=" " ind2=" ">
            <subfield code="a">Helsinki :</subfield>
            <subfield code="b">Loki-kirjat,</subfield>
            <subfield code="c">1996.</subfield>
        </datafield>
        <datafield tag="300" ind1=" " ind2=" ">
            <subfield code="a">219 s. ;</subfield>
            <subfield code="c">18 cm</subfield>
        </datafield>
        <datafield tag="336" ind1=" " ind2=" ">
            <subfield code="a">teksti</subfield>
            <subfield code="b">txt</subfield>
            <subfield code="2">rdacontent</subfield>
            <subfield code="0">http://rdaregistry.info/termList/RDAContentType/1020</subfield>
        </datafield>
        <datafield tag="337" ind1=" " ind2=" ">
            <subfield code="a">käytettävissä ilman laitetta</subfield>
            <subfield code="b">n</subfield>
            <subfield code="2">rdamedia</subfield>
            <subfield code="0">http://rdaregistry.info/termList/RDAMediaType/1007</subfield>
        </datafield>
        <datafield tag="338" ind1=" " ind2=" ">
            <subfield code="a">nide</subfield>
            <subfield code="b">nc</subfield>
            <subfield code="2">rdacarrier</subfield>
            <subfield code="0">http://rdaregistry.info/termList/RDAContentType/1020</subfield>
        </datafield>
        <datafield tag="380" ind1=" " ind2=" ">
            <subfield code="a">Språkbasert verk</subfield>
            <subfield code="1">https://schema.nb.no/Bibliographic/Values/V1000</subfield>
        </datafield>
        <datafield tag="500" ind1=" " ind2=" ">
            <subfield code="a">Tekijän esipuhe Crashin ranskankieliseen laitokseen.</subfield>
        </datafield>
        <datafield tag="583" ind1=" " ind2=" ">
            <subfield code="a">AUTOMATICALLY MERGED FROM (FI-MELINDA)006247870 + (FI-MELINDA)000856010</subfield>
            <subfield code="c">2017-10-09T14:52:19+03:00</subfield>
            <subfield code="5">MELINDA</subfield>
        </datafield>
        <datafield tag="583" ind1=" " ind2=" ">
            <subfield code="a">SAATU 1 KPL.</subfield>
            <subfield code="5">FENNI</subfield>
        </datafield>
        <datafield tag="700" ind1="1" ind2=" ">
            <subfield code="a">Keynäs, Ville,</subfield>
            <subfield code="0">(FI-ASTERI-N)000108428</subfield>
            <subfield code="4">trl</subfield>
            <subfield code="4">http://rdaregistry.info/Elements/e/object/P20037</subfield>
        </datafield>
        <datafield tag="710" ind1="2" ind2=" ">
            <subfield code="a">Loki-kirjat (yhtiö)</subfield>
            <subfield code="e">kustantaja.</subfield>
            <subfield code="0">(FI-ASTERI-N)000216267</subfield>
        </datafield>
        <datafield tag="740" ind1="0" ind2=" ">
            <subfield code="a">Kolari.</subfield>
        </datafield>
    </record>