
    <record>
        <leader>05157cam a2200589 i 4500</leader>
        <controlfield tag="001">14742896</controlfield>
        <controlfield tag="003">SE-LIBR</controlfield>
        <controlfield tag="005">20131031112409.0</controlfield>
        <controlfield tag="008">131021s2013    enk||||||b||||001 0|eng| </controlfield>
        <datafield tag="010" ind1=" " ind2=" ">
            <subfield code="a">2013024850</subfield>
        </datafield>
        <datafield tag="016" ind1="7" ind2=" ">
            <subfield code="a">016449244</subfield>
            <subfield code="2">Uk</subfield>
        </datafield>
        <datafield tag="020" ind1=" " ind2=" ">
            <subfield code="a">1472510321</subfield>
        </datafield>
        <datafield tag="020" ind1=" " ind2=" ">
            <subfield code="a">1472510933</subfield>
            <subfield code="q">Hardcover</subfield>
        </datafield>
        <datafield tag="020" ind1=" " ind2=" ">
            <subfield code="a">1472514882</subfield>
        </datafield>
        <datafield tag="020" ind1=" " ind2=" ">
            <subfield code="a">9781472510938</subfield>
            <subfield code="q">Hardcover</subfield>
        </datafield>
        <datafield tag="020" ind1=" " ind2=" ">
            <subfield code="z">9781472510327 (eBook (PDF)</subfield>
        </datafield>
        <datafield tag="020" ind1=" " ind2=" ">
            <subfield code="z">9781472514882 (eBook (ePub)</subfield>
        </datafield>
        <datafield tag="041" ind1=" " ind2=" ">
            <subfield code="a">eng</subfield>
        </datafield>
        <datafield tag="082" ind1="0" ind2="0">
            <subfield code="a">307.74</subfield>
            <subfield code="2">23</subfield>
        </datafield>
        <datafield tag="245" ind1="1" ind2="0">
            <subfield code="a">New suburban stories /</subfield>
            <subfield code="c">edited by Martin Dines and Timotheus Vermeulen.</subfield>
        </datafield>
        <datafield tag="264" ind1=" " ind2="1">
            <subfield code="a">London ;</subfield>
            <subfield code="a">New York :</subfield>
            <subfield code="b">Bloomsbury Academic,</subfield>
            <subfield code="c">2013</subfield>
        </datafield>
        <datafield tag="300" ind1=" " ind2=" ">
            <subfield code="a">viii, 241 pages</subfield>
            <subfield code="c">24 cm.</subfield>
        </datafield>
        <datafield tag="336" ind1=" " ind2=" ">
            <subfield code="a">tekst</subfield>
            <subfield code="0">http://rdaregistry.info/termList/RDAContentType/1020</subfield>
        </datafield>
        <datafield tag="337" ind1=" " ind2=" ">
            <subfield code="a">uformidlet</subfield>
            <subfield code="0">http://rdaregistry.info/termList/RDAMediaType/1007</subfield>
        </datafield>
        <datafield tag="338" ind1=" " ind2=" ">
            <subfield code="a">bind</subfield>
            <subfield code="0">http://rdaregistry.info/termList/RDACarrierType/1049</subfield>
        </datafield>
        <datafield tag="380" ind1=" " ind2=" ">
            <subfield code="a">Språkbasert verk</subfield>
            <subfield code="1">https://schema.nb.no/Bibliographic/Values/V1000</subfield>
        </datafield>
        <datafield tag="490" ind1="1" ind2=" ">
            <subfield code="a">Bloomsbury studies in the city</subfield>
        </datafield>
        <datafield tag="504" ind1=" " ind2=" ">
            <subfield code="a">Includes bibliographical references and index.</subfield>
        </datafield>
        <datafield tag="505" ind1="8" ind2=" ">
            <subfield code="a">Machine generated contents note: -- Introduction: NewSuburban Stories, Martin Dines and Timotheus Vermeulen \ Part I: Delineatingthe Margins \ 1. Mapping the Suburbs: Cartographic Representationof Villa Celina, Buenos Aires, 1955-2011, Adrianna Massidda \ 2. From Riots to Designer Shoes: Tout ce quibrille/All that Glitters (2010) and Changing Representations of the Banlieue in French Cinema, Carrie Tarr \ 3. EnteringNo-Go Areas: Suburbs in Contemporary German Literature, Caroline Merkel \ 4. J.G.Ballard: The 'Seer of Shepperton' as the Seer of Suburbia, Jarrad Keyes \ Part II: The Past in its Place \ 5. The ShiftingGround of Commemoration in an Australian Suburb, Hannah Lewi and CarolineJordan \ 6.The Future and Come and Gone: Managing Change in the AgingSuburbs, Alan Mace \ 7. Where the HeartIs: Cinema and Civic Life in Singapore, GaikKhoo \ PartIII: Aesthetics of Affect \ 8.'The Shhh of Sprays On All the Little Lawns': Imaginingthe Post-War American Suburbs, Joanna Gill \ 9. 'Nothing Seemed Familiar, Yet EverythingWas Very, Very Familiar': Rethinking Bill Owens's Suburbia, Bridget Gilman 10. 'A More Interesting Surgery on the Suburbs': Richard Ford's Paean to theNew Jersey Periphery, Tim Foster \ 11. Ordinary Geographies: Trajectories of Affectin the Work of Kathleen Stewart and D.J. Waldie, NeilCampbell \ PartIV: Suburban Communities and Cultural Production \ 12. A Chicken Ain't Nothin' Buta Bird: Animals, Suburbia and the Evolving Terrain of Production, Consumption, and Representation, Hugh Bartling \ 13. Kvart KVART: Art Activism at the Urban Peripheryin Croatia, Dalibor Prancevic \ 14. 'MANS IS ON STAGE': Rappers as Disseminators of (Sub)UrbanLanguage Varieties, Nichola Smalley \ 15. The Goat Boy of Mount Seething: Heritageand the English Suburbs, Helen Wickstead \ Notes \ Bibliography \ Index.</subfield>
        </datafield>
        <datafield tag="520" ind1=" " ind2=" ">
            <subfield code="a">"An international team of scholars explore representations of the suburbs in contemporary literature, film and culture"--</subfield>
            <subfield code="c">Provided by publisher.</subfield>
        </datafield>
        <datafield tag="520" ind1=" " ind2=" ">
            <subfield code="a">"Exploring fiction, film and art from across the USA, South America, Asia, Europe and Australia, New Suburban Stories brings together new research from leading international scholars to examine cultural representations of the suburbs, home to a rapidly increasing proportion of the world's population. Focussing in particular on works that challenge conventional attitudes to suburbia, the bookconsiders how suburban communities have taken control of their own representation to tell their own stories in contemporary novels, poetry, autobiography, cinema, social media and public art tell the story of how suburban communities have taken control of their own representation to tell their own stories in contemporary novels, poetry, autobiography, cinema, social media and public art"--</subfield>
            <subfield code="c">Provided by publisher.</subfield>
        </datafield>
        <datafield tag="700" ind1="1" ind2=" ">
            <subfield code="a">Dines, Martin</subfield>
            <subfield code="d">1976-</subfield>
            <subfield code="4">edt</subfield>
            <subfield code="4">http://rdaregistry.info/Elements/m/object/P30267</subfield>
        </datafield>
        <datafield tag="700" ind1="1" ind2=" ">
            <subfield code="a">Vermeulen, Timotheus</subfield>
            <subfield code="4">edt</subfield>
            <subfield code="4">http://rdaregistry.info/Elements/m/object/P30267</subfield>
        </datafield>
        <datafield tag="830" ind1=" " ind2="0">
            <subfield code="a">Bloomsbury studies in the city</subfield>
        </datafield>
    </record>