
    <record>
        <leader>02698nam a2200589uc 4500</leader>
        <controlfield tag="001">1147639515</controlfield>
        <controlfield tag="003">DE-101</controlfield>
        <controlfield tag="005">20171208120112.0</controlfield>
        <controlfield tag="007">cr||||||||||||</controlfield>
        <controlfield tag="008">171201s2017    sz |||||o|||| 00||||ger  </controlfield>
        <datafield tag="016" ind1="7" ind2=" ">
            <subfield code="2">DE-101</subfield>
            <subfield code="a">1147639515</subfield>
        </datafield>
        <datafield tag="020" ind1=" " ind2=" ">
            <subfield code="a">3035800596</subfield>
            <subfield code="9">3-0358-0059-6</subfield>
        </datafield>
        <datafield tag="020" ind1=" " ind2=" ">
            <subfield code="a">9783035800593</subfield>
            <subfield code="9">978-3-0358-0059-3</subfield>
        </datafield>
        <datafield tag="024" ind1="3" ind2=" ">
            <subfield code="a">9783035800593</subfield>
        </datafield>
        <datafield tag="024" ind1="7" ind2=" ">
            <subfield code="2">urn</subfield>
            <subfield code="a">urn:nbn:de:101:1-201712011349</subfield>
        </datafield>
        <datafield tag="041" ind1=" " ind2=" ">
            <subfield code="a">ger</subfield>
            <subfield code="h">eng</subfield>
        </datafield>
        <datafield tag="082" ind1="7" ind2="4">
            <subfield code="8">3\p</subfield>
            <subfield code="a">820</subfield>
            <subfield code="a">B</subfield>
            <subfield code="q">DE-101</subfield>
            <subfield code="2">23sdnb</subfield>
        </datafield>
        <datafield tag="100" ind1="1" ind2=" ">
            <subfield code="8">1\p</subfield>
            <subfield code="a">Ballard, J. G.</subfield>
            <subfield code="e">Verfasser</subfield>
            <subfield code="4">aut</subfield>
            <subfield code="1">http://viaf.org/viaf/9842556</subfield>
            <subfield code="4">http://rdaregistry.info/Elements/w/object/P10061</subfield>
        </datafield>
        <datafield tag="240" ind1="1" ind2="0">
            <subfield code="a">Concrete Island</subfield>
            <subfield code="1">http://viaf.org/viaf/174604532</subfield>
        </datafield>
        <datafield tag="245" ind1="1" ind2="0">
            <subfield code="a">Betoninsel</subfield>
            <subfield code="c">J.G. Ballard</subfield>
        </datafield>
        <datafield tag="264" ind1=" " ind2="1">
            <subfield code="a">Zürich</subfield>
            <subfield code="b">diaphanes</subfield>
            <subfield code="c">2017</subfield>
        </datafield>
        <datafield tag="300" ind1=" " ind2=" ">
            <subfield code="a">Online-Ressourcen, 160 Seiten</subfield>
        </datafield>
        <datafield tag="336" ind1=" " ind2=" ">
            <subfield code="a">Text</subfield>
            <subfield code="b">txt</subfield>
            <subfield code="2">rdacontent</subfield>
            <subfield code="0">http://rdaregistry.info/termList/RDAContentType/1020</subfield>
        </datafield>
        <datafield tag="337" ind1=" " ind2=" ">
            <subfield code="a">Computermedien</subfield>
            <subfield code="b">c</subfield>
            <subfield code="2">rdamedia</subfield>
            <subfield code="0">http://rdaregistry.info/termList/RDAMediaType/1003</subfield>
        </datafield>
        <datafield tag="338" ind1=" " ind2=" ">
            <subfield code="a">Online-Ressource</subfield>
            <subfield code="b">cr</subfield>
            <subfield code="2">rdacarrier</subfield>
            <subfield code="0">http://rdaregistry.info/termList/RDACarrierType/1018</subfield>
        </datafield>
        <datafield tag="336" ind1=" " ind2=" ">
            <subfield code="a">tekst</subfield>
            <subfield code="0">http://rdaregistry.info/termList/RDAContentType/1020</subfield>
        </datafield>
        <datafield tag="337" ind1=" " ind2=" ">
            <subfield code="a">datamaskin</subfield>
            <subfield code="0">http://rdaregistry.info/termList/RDAMediaType/1003</subfield>
        </datafield>
        <datafield tag="338" ind1=" " ind2=" ">
            <subfield code="a">online ressurs</subfield>
            <subfield code="0">http://rdaregistry.info/termList/RDACarrierType/1018</subfield>
        </datafield>
        <datafield tag="347" ind1=" " ind2=" ">
            <subfield code="a">data file</subfield>
            <subfield code="2">rda</subfield>
        </datafield>
        <datafield tag="380" ind1=" " ind2=" ">
            <subfield code="a">Språkbasert verk</subfield>
            <subfield code="1">https://schema.nb.no/Bibliographic/Values/V1000</subfield>
        </datafield>
        <datafield tag="490" ind1="0" ind2=" ">
            <subfield code="a">Literatur</subfield>
        </datafield>
        <datafield tag="500" ind1=" " ind2=" ">
            <subfield code="a">Lizenzpflichtig</subfield>
        </datafield>
        <datafield tag="583" ind1="1" ind2=" ">
            <subfield code="a">Archivierung/Langzeitarchivierung gewährleistet</subfield>
            <subfield code="5">DE-101</subfield>
            <subfield code="2">pdager</subfield>
        </datafield>
        <datafield tag="710" ind1="2" ind2=" ">
            <subfield code="8">2\p</subfield>
            <subfield code="0">(DE-588)1064211070</subfield>
            <subfield code="0">https://d-nb.info/gnd/1064211070</subfield>
            <subfield code="0">(DE-101)1064211070</subfield>
            <subfield code="a">Diaphanes</subfield>
            <subfield code="e">Verlag</subfield>
            <subfield code="4">pbl</subfield>
            <subfield code="2">gnd</subfield>
        </datafield>
        <datafield tag="776" ind1="0" ind2="8">
            <subfield code="i">Elektronische Reproduktion von</subfield>
            <subfield code="z">9783037349786</subfield>
        </datafield>
        <datafield tag="776" ind1="0" ind2="8">
            <subfield code="i">Erscheint auch als</subfield>
            <subfield code="n">Druck-Ausgabe</subfield>
            <subfield code="a">Ballard, J. G., 1930-2009</subfield>
            <subfield code="t">Betoninsel</subfield>
            <subfield code="d">Zürich ; Berlin : Diaphanes, 2017</subfield>
            <subfield code="h">174 Seiten</subfield>
            <subfield code="w">(DE-101)1121929265</subfield>
            <subfield code="b">1. Auflage</subfield>
        </datafield>
    </record>