
    <record>
        <leader>06065cam a22005293a 4500</leader>
        <controlfield tag="001">12517860</controlfield>
        <controlfield tag="003">SE-LIBR</controlfield>
        <controlfield tag="005">20150922161007.0</controlfield>
        <controlfield tag="007">cr |||   |||||         </controlfield>
        <controlfield tag="008">120131s2010    xxk|||||o|||||000 0|eng|d</controlfield>
        <datafield tag="020" ind1=" " ind2=" ">
            <subfield code="a">0230290442</subfield>
            <subfield code="c">£58.75</subfield>
        </datafield>
        <datafield tag="020" ind1=" " ind2=" ">
            <subfield code="a">9780230290440</subfield>
            <subfield code="c">£58.75</subfield>
        </datafield>
        <datafield tag="020" ind1=" " ind2=" ">
            <subfield code="z">9780230219755 (Print)</subfield>
        </datafield>
        <datafield tag="041" ind1=" " ind2=" ">
            <subfield code="a">eng</subfield>
        </datafield>
        <datafield tag="100" ind1="1" ind2=" ">
            <subfield code="a">Baker, Charley</subfield>
            <subfield code="1">http://viaf.org/viaf/121739055</subfield>
        </datafield>
        <datafield tag="240" ind1=" " ind2=" ">
            <subfield code="a">Madness in post-1945 British and American fiction</subfield>
            <subfield code="1">http://viaf.org/viaf/121739055/madness</subfield>
        </datafield>
        <datafield tag="245" ind1="1" ind2="0">
            <subfield code="a">Madness in post-1945 British and American fiction</subfield>
            <subfield code="h">[Elektronisk resurs] /</subfield>
            <subfield code="c">Charley Baker [et al.].</subfield>
        </datafield>
        <datafield tag="264" ind1=" " ind2="1">
            <subfield code="a">Basingstoke :</subfield>
            <subfield code="b">Palgrave Macmillan,</subfield>
            <subfield code="c">2010</subfield>
        </datafield>
        <datafield tag="300" ind1=" " ind2=" ">
            <subfield code="a">240 pages.</subfield>
        </datafield>
        <datafield tag="336" ind1=" " ind2=" ">
            <subfield code="a">text</subfield>
            <subfield code="b">txt</subfield>
            <subfield code="2">rdacontent</subfield>
            <subfield code="0">http://rdaregistry.info/termList/RDAContentType/1020</subfield>
        </datafield>
        <datafield tag="337" ind1=" " ind2=" ">
            <subfield code="a">computer</subfield>
            <subfield code="b">c</subfield>
            <subfield code="2">rdamedia</subfield>
            <subfield code="0">http://rdaregistry.info/termList/RDAMediaType/1003</subfield>
        </datafield>
        <datafield tag="338" ind1=" " ind2=" ">
            <subfield code="a">online resource</subfield>
            <subfield code="b">cr</subfield>
            <subfield code="2">rdacarrier</subfield>
            <subfield code="0">http://rdaregistry.info/termList/RDACarrierType/1018</subfield>
        </datafield>
        <datafield tag="347" ind1=" " ind2=" ">
            <subfield code="a">data file</subfield>
            <subfield code="2">rda</subfield>
        </datafield>
        <datafield tag="365" ind1=" " ind2=" ">
            <subfield code="a">02</subfield>
            <subfield code="b">58.75</subfield>
            <subfield code="c">GBP</subfield>
            <subfield code="d">00</subfield>
            <subfield code="h">S 43.75 20.0 52.50 8.75</subfield>
            <subfield code="i">Z 6.25 0.0 6.25 0.00</subfield>
            <subfield code="j">GB</subfield>
            <subfield code="k">xxk</subfield>
            <subfield code="m">Palgrave Macmillan</subfield>
            <subfield code="2">onix-pt</subfield>
        </datafield>
        <datafield tag="366" ind1=" " ind2=" ">
            <subfield code="b">20101014</subfield>
            <subfield code="c">IP 20110105</subfield>
            <subfield code="j">GB</subfield>
            <subfield code="k">xxk</subfield>
            <subfield code="m">Palgrave Macmillan</subfield>
            <subfield code="2">UK-WkNB</subfield>
        </datafield>
        <datafield tag="500" ind1=" " ind2=" ">
            <subfield code="a">Electronic book text.</subfield>
        </datafield>
        <datafield tag="500" ind1=" " ind2=" ">
            <subfield code="a">Epublication based on: 9780230219755, 2010.</subfield>
        </datafield>
        <datafield tag="505" ind1="8" ind2=" ">
            <subfield code="a">Acknowledgements Author Biographies Writing Madness, Analysing Madness Mental States Power and Institutions in Fiction Diversity, Ethnicity, Madness and Fiction Creativity, Madness and Fiction Postmodern Madness Literature and Clinical Education Bibliography  Endnotes Index.</subfield>
        </datafield>
        <datafield tag="516" ind1=" " ind2=" ">
            <subfield code="a">Document</subfield>
        </datafield>
        <datafield tag="520" ind1=" " ind2=" ">
            <subfield code="a">A comprehensive and thematic exploration of representations of madness in postwar British and American Fiction, this book is relevant to those with interests in literary studies and is a vital read for psychiatric clinicians and professionals who are interested in how literature can inform and enhance clinical practices.</subfield>
            <subfield code="b">This is one of the first books to comprehensively explore representations of madness in postwar British and American Fiction. The book looks at representations of madness in a range of texts by postwar writers (such as Ken Kesey, Marge Piercy, Patrick McGrath, Leslie Marmon Silko, William Golding, Patrick Gale, William Burroughs and J.G. Ballard, to name a few), and explores the ways in which these representations help to shape public perceptions and how they portray highly unique experiences of mental disorder.  The five authors come from diverse backgrounds -- literary studies, social psychology, medical psychiatry and psychiatric nursing -- and as such the book's perspectives are informed through several discourses, making it a unique co-authored text in the discipline of Health Humanities.  This book is of relevance to both those with interests in literary studies, and is a vital read for psychiatric clinicians and professionals who are interested in how literature can inform and enhance clinical practices. Those who have been affected by mental health issues will also find this book both relevant and empathic to such human experiences.</subfield>
        </datafield>
        <datafield tag="538" ind1=" " ind2=" ">
            <subfield code="a">PDF.</subfield>
        </datafield>
        <datafield tag="545" ind1="0" ind2=" ">
            <subfield code="a">CHARLEY BAKER is a Research Associate at the University of Nottingham, UK. She is working towards a PhD at Royal Holloway on Postmodern Psychosis. She has published work on Self Harm in Literature and using Literature in Clinical Education. Baker has research interests in madness and literature, literature and trauma, bibliotherapy, and suicide and self harm. She is co-founder of the Madness and Literature Network (www.madnessandliterature.org)    PAUL CRAWFORD is Professor of Health Humanities at the School of Nursing, Midwifery and Physiotherapy at the University of Nottingham, UK. He is a Fellow of the Royal Society of Arts, Professor of the Institute of Mental Health, and holds visiting chairs in Australia and Taiwan.   BRIAN BROWN has research interests which span the social sciences and humanities and involve the development of theoretical frameworks to facilitate interdisciplinary research. He has published widely on healthcare and the social theory of Mind Foucault and Pierre Bourdieu.    MAURICE LIPSEDGE is Emeritus Consultant Psychiatrist with South London and Maudsley NHS Trust, UK, and Visiting Senior Lecturer in the Department of Psychological Medicine within Guys, Kings and St Thomas' School of Medicine. He is author, with Roland Littlewood, of Aliens and Alienists: Ethnic Minorities and Psychiatry, and author of a number of books, papers and chapters on occupational psychiatry, medical ethics, risk assessment and medical anthropology.   RONALD CARTER is Professor of Modern English Language in the School of English Studies, University of Nottingham, UK. He has published over 100 papers and written, co-written, edited and co-edited over 50 books in the field of language and literature studies, applied linguistics, English language teaching and learning and communication studies.</subfield>
        </datafield>
        <datafield tag="700" ind1="1" ind2=" ">
            <subfield code="a">Brown, B. J.</subfield>
            <subfield code="4">aut</subfield>
        </datafield>
        <datafield tag="700" ind1="1" ind2=" ">
            <subfield code="a">Carter, Ronald</subfield>
            <subfield code="d">1947-</subfield>
            <subfield code="0">https://libris.kb.se/75kmmf3r52p9gxs#it</subfield>
            <subfield code="4">aut</subfield>
        </datafield>
        <datafield tag="700" ind1="1" ind2=" ">
            <subfield code="a">Crawford, Paul</subfield>
            <subfield code="4">aut</subfield>
        </datafield>
        <datafield tag="700" ind1="1" ind2=" ">
            <subfield code="a">Lipsedge, Maurice</subfield>
            <subfield code="4">aut</subfield>
        </datafield>
    </record>