
    <record>
        <leader>03888nam a2200793uc 4500</leader>
        <controlfield tag="001">1079473319</controlfield>
        <controlfield tag="003">DE-101</controlfield>
        <controlfield tag="005">20171202145712.0</controlfield>
        <controlfield tag="007">cr||||||||||||</controlfield>
        <controlfield tag="008">151130s2014    gw |||||o|||| 00||||eng  </controlfield>
        <datafield tag="016" ind1="7" ind2=" ">
            <subfield code="2">DE-101</subfield>
            <subfield code="a">1079473319</subfield>
        </datafield>
        <datafield tag="020" ind1=" " ind2=" ">
            <subfield code="a">9783839422021</subfield>
            <subfield code="9">978-3-8394-2202-1</subfield>
        </datafield>
        <datafield tag="024" ind1="7" ind2=" ">
            <subfield code="2">urn</subfield>
            <subfield code="a">urn:nbn:de:101:1-20151130682</subfield>
        </datafield>
        <datafield tag="041" ind1=" " ind2=" ">
            <subfield code="a">eng</subfield>
        </datafield>
        <datafield tag="082" ind1="0" ind2="4">
            <subfield code="8">1\u</subfield>
            <subfield code="a">823.910936</subfield>
            <subfield code="q">DE-101</subfield>
            <subfield code="2">22/ger</subfield>
        </datafield>
        <datafield tag="083" ind1="7" ind2=" ">
            <subfield code="8">2\p</subfield>
            <subfield code="a">820</subfield>
            <subfield code="a">810</subfield>
            <subfield code="q">DE-101</subfield>
            <subfield code="2">23sdnb</subfield>
        </datafield>
        <datafield tag="085" ind1=" " ind2=" ">
            <subfield code="8">1\u</subfield>
            <subfield code="b">823</subfield>
        </datafield>
        <datafield tag="085" ind1=" " ind2=" ">
            <subfield code="8">1\u</subfield>
            <subfield code="z">3C</subfield>
            <subfield code="s">36</subfield>
        </datafield>
        <datafield tag="100" ind1="1" ind2=" ">
            <subfield code="0">(DE-588)136911498</subfield>
            <subfield code="0">https://d-nb.info/gnd/136911498</subfield>
            <subfield code="0">(DE-101)136911498</subfield>
            <subfield code="a">Mieszkowski, Sylvia</subfield>
            <subfield code="e">Verfasser</subfield>
            <subfield code="4">aut</subfield>
            <subfield code="2">gnd</subfield>
            <subfield code="1">http://viaf.org/viaf/89826060</subfield>
            <subfield code="4">http://rdaregistry.info/Elements/w/object/P10061</subfield>
        </datafield>
        <datafield tag="240" ind1=" " ind2=" ">
            <subfield code="a">Resonant Alterities : Sound, Desire and Anxiety in Non-Realist Fiction</subfield>
            <subfield code="1">http://viaf.org/viaf/89826060/resonantalterities</subfield>
        </datafield>
        <datafield tag="245" ind1="1" ind2="0">
            <subfield code="a">Resonant Alterities</subfield>
            <subfield code="b">Sound, Desire and Anxiety in Non-Realist Fiction</subfield>
            <subfield code="c">Sylvia Mieszkowski</subfield>
        </datafield>
        <datafield tag="264" ind1=" " ind2="1">
            <subfield code="a">Bielefeld</subfield>
            <subfield code="b">transcript Verlag</subfield>
            <subfield code="c">2014</subfield>
        </datafield>
        <datafield tag="300" ind1=" " ind2=" ">
            <subfield code="a">Online-Ressource</subfield>
        </datafield>
        <datafield tag="336" ind1=" " ind2=" ">
            <subfield code="a">Text</subfield>
            <subfield code="b">txt</subfield>
            <subfield code="2">rdacontent</subfield>
            <subfield code="0">http://rdaregistry.info/termList/RDAContentType/1020</subfield>
        </datafield>
        <datafield tag="337" ind1=" " ind2=" ">
            <subfield code="a">Computermedien</subfield>
            <subfield code="b">c</subfield>
            <subfield code="2">rdamedia</subfield>
            <subfield code="0">http://rdaregistry.info/termList/RDAMediaType/1003</subfield>
        </datafield>
        <datafield tag="338" ind1=" " ind2=" ">
            <subfield code="a">Online-Ressource</subfield>
            <subfield code="b">cr</subfield>
            <subfield code="2">rdacarrier</subfield>
            <subfield code="0">http://rdaregistry.info/termList/RDACarrierType/1018</subfield>
        </datafield>
        <datafield tag="336" ind1=" " ind2=" ">
            <subfield code="a">tekst</subfield>
            <subfield code="0">http://rdaregistry.info/termList/RDAContentType/1020</subfield>
        </datafield>
        <datafield tag="337" ind1=" " ind2=" ">
            <subfield code="a">datamaskin</subfield>
            <subfield code="0">http://rdaregistry.info/termList/RDAMediaType/1003</subfield>
        </datafield>
        <datafield tag="338" ind1=" " ind2=" ">
            <subfield code="a">online ressurs</subfield>
            <subfield code="0">http://rdaregistry.info/termList/RDACarrierType/1018</subfield>
        </datafield>
        <datafield tag="347" ind1=" " ind2=" ">
            <subfield code="a">data file</subfield>
            <subfield code="2">rda</subfield>
        </datafield>
        <datafield tag="380" ind1=" " ind2=" ">
            <subfield code="a">Språkbasert verk</subfield>
            <subfield code="1">https://schema.nb.no/Bibliographic/Values/V1000</subfield>
        </datafield>
        <datafield tag="490" ind1="0" ind2=" ">
            <subfield code="a">Kultur- und Medientheorie</subfield>
        </datafield>
        <datafield tag="500" ind1=" " ind2=" ">
            <subfield code="a">Lizenzpflichtig</subfield>
        </datafield>
        <datafield tag="583" ind1="1" ind2=" ">
            <subfield code="a">Archivierung/Langzeitarchivierung gewährleistet</subfield>
            <subfield code="5">DE-101</subfield>
            <subfield code="2">pdager</subfield>
        </datafield>
        <datafield tag="600" ind1="1" ind2="7">
            <subfield code="0">(DE-588)1067701850</subfield>
            <subfield code="0">https://d-nb.info/gnd/1067701850</subfield>
            <subfield code="0">(DE-101)1067701850</subfield>
            <subfield code="a">Blackwood, Algernon</subfield>
            <subfield code="d">1869-1951</subfield>
            <subfield code="t">The human chord</subfield>
            <subfield code="9">rswk-swf</subfield>
            <subfield code="2">gnd</subfield>
            <subfield code="1">http://viaf.org/viaf/314205807</subfield>
        </datafield>
        <datafield tag="600" ind1="1" ind2="7">
            <subfield code="0">(DE-588)1067702563</subfield>
            <subfield code="0">https://d-nb.info/gnd/1067702563</subfield>
            <subfield code="0">(DE-101)1067702563</subfield>
            <subfield code="a">Lee, Vernon</subfield>
            <subfield code="d">1856-1935</subfield>
            <subfield code="t">A wicked voice</subfield>
            <subfield code="9">rswk-swf</subfield>
            <subfield code="2">gnd</subfield>
            <subfield code="1">http://viaf.org/viaf/312451400</subfield>
        </datafield>
        <datafield tag="600" ind1="1" ind2="7">
            <subfield code="0">(DE-588)1067703608</subfield>
            <subfield code="0">https://d-nb.info/gnd/1067703608</subfield>
            <subfield code="0">(DE-101)1067703608</subfield>
            <subfield code="a">Ballard, J. G.</subfield>
            <subfield code="d">1930-2009</subfield>
            <subfield code="t">The sound-sweep</subfield>
            <subfield code="9">rswk-swf</subfield>
            <subfield code="2">gnd</subfield>
            <subfield code="1">http://www.wikidata.org/entity/Q7765388</subfield>
        </datafield>
        <datafield tag="600" ind1="1" ind2="7">
            <subfield code="0">(DE-588)7630810-8</subfield>
            <subfield code="0">https://d-nb.info/gnd/7630810-8</subfield>
            <subfield code="0">(DE-101)990894754</subfield>
            <subfield code="a">DeLillo, Don</subfield>
            <subfield code="d">1936-</subfield>
            <subfield code="t">The body artist</subfield>
            <subfield code="9">rswk-swf</subfield>
            <subfield code="2">gnd</subfield>
            <subfield code="1">http://www.wikidata.org/entity/Q7718980</subfield>
        </datafield>
        <datafield tag="776" ind1="0" ind2="8">
            <subfield code="i">Druckausg.</subfield>
            <subfield code="z">9783837622027</subfield>
        </datafield>
        <datafield tag="776" ind1="0" ind2="8">
            <subfield code="i">Erscheint auch als</subfield>
            <subfield code="n">Druck-Ausgabe</subfield>
            <subfield code="a">Mieszkowski, Sylvia</subfield>
            <subfield code="t">Resonant alterities</subfield>
            <subfield code="d">Bielefeld : Transcript, 2014</subfield>
            <subfield code="h">402 S.</subfield>
            <subfield code="w">(DE-101)1025130936</subfield>
        </datafield>
    </record>