
    <record>
        <leader>01309nam a2200301 a 4500</leader>
        <controlfield tag="001">019310566</controlfield>
        <controlfield tag="003">UkOxU</controlfield>
        <controlfield tag="005">20120614121306.0</controlfield>
        <controlfield tag="008">120410s2011    it       b    000 0 ita d</controlfield>
        <datafield tag="020" ind1=" " ind2=" ">
            <subfield code="a">9788874186563 :</subfield>
            <subfield code="c">14.00 EUR.</subfield>
        </datafield>
        <datafield tag="043" ind1=" " ind2=" ">
            <subfield code="a">e-uk</subfield>
        </datafield>
        <datafield tag="045" ind1=" " ind2=" ">
            <subfield code="a">x4x-</subfield>
        </datafield>
        <datafield tag="082" ind1="1" ind2="4">
            <subfield code="a">823</subfield>
            <subfield code="2">21</subfield>
        </datafield>
        <datafield tag="100" ind1="1" ind2=" ">
            <subfield code="a">Brioni, Simone</subfield>
            <subfield code="1">http://viaf.org/viaf/251079462</subfield>
            <subfield code="4">http://rdaregistry.info/Elements/w/object/P10061</subfield>
        </datafield>
        <datafield tag="240" ind1=" " ind2=" ">
            <subfield code="a">Il futuro quotidiano : saggi su J. G. Ballard</subfield>
            <subfield code="1">http://viaf.org/viaf/251079462/ilfuturoquotidiano</subfield>
        </datafield>
        <datafield tag="245" ind1="1" ind2="3">
            <subfield code="a">Il futuro quotidiano :</subfield>
            <subfield code="b">saggi su J. G. Ballard /</subfield>
            <subfield code="c">Simone Brioni ; con una prefazione di Paolo Simonetti.</subfield>
        </datafield>
        <datafield tag="260" ind1=" " ind2=" ">
            <subfield code="a">Civitavecchia :</subfield>
            <subfield code="b">Prospettiva,</subfield>
            <subfield code="c">2011.</subfield>
        </datafield>
        <datafield tag="300" ind1=" " ind2=" ">
            <subfield code="a">150 pages ;</subfield>
            <subfield code="c">20 cm.</subfield>
        </datafield>
        <datafield tag="336" ind1=" " ind2=" ">
            <subfield code="a">tekst</subfield>
            <subfield code="0">http://rdaregistry.info/termList/RDAContentType/1020</subfield>
        </datafield>
        <datafield tag="337" ind1=" " ind2=" ">
            <subfield code="a">uformidlet</subfield>
            <subfield code="0">http://rdaregistry.info/termList/RDAMediaType/1007</subfield>
        </datafield>
        <datafield tag="338" ind1=" " ind2=" ">
            <subfield code="a">bind</subfield>
            <subfield code="0">http://rdaregistry.info/termList/RDACarrierType/1049</subfield>
        </datafield>
        <datafield tag="380" ind1=" " ind2=" ">
            <subfield code="a">Språkbasert verk</subfield>
            <subfield code="1">https://schema.nb.no/Bibliographic/Values/V1000</subfield>
        </datafield>
        <datafield tag="490" ind1="1" ind2=" ">
            <subfield code="a">Costellazione Orione ;</subfield>
            <subfield code="v">67</subfield>
        </datafield>
        <datafield tag="504" ind1=" " ind2=" ">
            <subfield code="a">Includes bibliographical references.</subfield>
        </datafield>
        <datafield tag="600" ind1="1" ind2="0">
            <subfield code="a">Ballard, J. G.</subfield>
            <subfield code="d">1930-2009</subfield>
            <subfield code="x">Criticism and interpretation</subfield>
            <subfield code="1">http://viaf.org/viaf/9842556</subfield>
        </datafield>
        <datafield tag="830" ind1=" " ind2="0">
            <subfield code="a">Costellazione Orione ;</subfield>
            <subfield code="v">67.</subfield>
        </datafield>
    </record>