
    <record>
        <leader>01177nam a2200277 c 4500</leader>
        <controlfield tag="001">a5263005</controlfield>
        <controlfield tag="003">SpMaBN</controlfield>
        <controlfield tag="005">20191220022914.6</controlfield>
        <controlfield tag="008">120925s2012    sp     | |||| 000 0 spa  </controlfield>
        <datafield tag="017" ind1=" " ind2=" ">
            <subfield code="a">GR 1174-2012</subfield>
            <subfield code="b">Oficina Depósito Legal Granada</subfield>
        </datafield>
        <datafield tag="020" ind1=" " ind2=" ">
            <subfield code="a">978-84-15156-42-0</subfield>
        </datafield>
        <datafield tag="080" ind1=" " ind2=" ">
            <subfield code="a">821.134.2-32"19"</subfield>
        </datafield>
        <datafield tag="100" ind1="1" ind2=" ">
            <subfield code="a">Santos, Domingo</subfield>
            <subfield code="d">1941-</subfield>
            <subfield code="0">XX1108386</subfield>
            <subfield code="1">http://viaf.org/viaf/72726712</subfield>
            <subfield code="4">http://rdaregistry.info/Elements/w/object/P10061</subfield>
        </datafield>
        <datafield tag="240" ind1=" " ind2=" ">
            <subfield code="a">Homenaje</subfield>
            <subfield code="1">http://viaf.org/viaf/72726712/homenaje</subfield>
        </datafield>
        <datafield tag="245" ind1="1" ind2="0">
            <subfield code="a">Homenaje</subfield>
            <subfield code="c">Domingo Santos</subfield>
        </datafield>
        <datafield tag="246" ind1="0" ind2=" ">
            <subfield code="i">Subtítulo de la cubierta</subfield>
            <subfield code="a">El maestro de la ciencia ficción española rinde homenaje a Isaac Asimov, J.R.R. Tolkien, J.G. Ballard ...</subfield>
        </datafield>
        <datafield tag="250" ind1=" " ind2=" ">
            <subfield code="a">1ª ed.</subfield>
        </datafield>
        <datafield tag="260" ind1=" " ind2=" ">
            <subfield code="a">Granada</subfield>
            <subfield code="b">Grupo AJEC</subfield>
            <subfield code="c">2011</subfield>
        </datafield>
        <datafield tag="300" ind1=" " ind2=" ">
            <subfield code="a">382 pages</subfield>
            <subfield code="c">23 cm</subfield>
        </datafield>
        <datafield tag="336" ind1=" " ind2=" ">
            <subfield code="a">tekst</subfield>
            <subfield code="0">http://rdaregistry.info/termList/RDAContentType/1020</subfield>
        </datafield>
        <datafield tag="337" ind1=" " ind2=" ">
            <subfield code="a">uformidlet</subfield>
            <subfield code="0">http://rdaregistry.info/termList/RDAMediaType/1007</subfield>
        </datafield>
        <datafield tag="338" ind1=" " ind2=" ">
            <subfield code="a">bind</subfield>
            <subfield code="0">http://rdaregistry.info/termList/RDACarrierType/1049</subfield>
        </datafield>
        <datafield tag="380" ind1=" " ind2=" ">
            <subfield code="a">Språkbasert verk</subfield>
            <subfield code="1">https://schema.nb.no/Bibliographic/Values/V1000</subfield>
        </datafield>
        <datafield tag="490" ind1="0" ind2=" ">
            <subfield code="a">Arrakis ficción</subfield>
            <subfield code="v">11</subfield>
        </datafield>
    </record>