
    <record>
        <leader>06774cam a22009614i 4500</leader>
        <controlfield tag="001">003357276</controlfield>
        <controlfield tag="003">FI-MELINDA</controlfield>
        <controlfield tag="005">20220331112405.0</controlfield>
        <controlfield tag="008">010524s2002    xxk|||||||||||||||||eng||</controlfield>
        <datafield tag="020" ind1=" " ind2=" ">
            <subfield code="a">0-7546-0302-4</subfield>
            <subfield code="q">sidottu</subfield>
        </datafield>
        <datafield tag="041" ind1="0" ind2=" ">
            <subfield code="a">eng</subfield>
        </datafield>
        <datafield tag="080" ind1=" " ind2=" ">
            <subfield code="a">502</subfield>
        </datafield>
        <datafield tag="080" ind1=" " ind2=" ">
            <subfield code="a">820</subfield>
            <subfield code="x">(091)</subfield>
        </datafield>
        <datafield tag="245" ind1="0" ind2="4">
            <subfield code="a">The environmental tradition in English literature /</subfield>
            <subfield code="c">edited by John Parham.</subfield>
        </datafield>
        <datafield tag="260" ind1=" " ind2=" ">
            <subfield code="a">Aldershot :</subfield>
            <subfield code="b">Ashgate,</subfield>
            <subfield code="c">2002.</subfield>
        </datafield>
        <datafield tag="300" ind1=" " ind2=" ">
            <subfield code="a">xvi, 238 pages ;</subfield>
            <subfield code="c">23 cm</subfield>
        </datafield>
        <datafield tag="336" ind1=" " ind2=" ">
            <subfield code="a">teksti</subfield>
            <subfield code="b">txt</subfield>
            <subfield code="2">rdacontent</subfield>
            <subfield code="0">http://rdaregistry.info/termList/RDAContentType/1020</subfield>
        </datafield>
        <datafield tag="337" ind1=" " ind2=" ">
            <subfield code="a">käytettävissä ilman laitetta</subfield>
            <subfield code="b">n</subfield>
            <subfield code="2">rdamedia</subfield>
            <subfield code="0">http://rdaregistry.info/termList/RDAMediaType/1007</subfield>
        </datafield>
        <datafield tag="338" ind1=" " ind2=" ">
            <subfield code="a">nide</subfield>
            <subfield code="b">nc</subfield>
            <subfield code="2">rdacarrier</subfield>
            <subfield code="0">http://rdaregistry.info/termList/RDAContentType/1020</subfield>
        </datafield>
        <datafield tag="380" ind1=" " ind2=" ">
            <subfield code="a">Språkbasert verk</subfield>
            <subfield code="1">https://schema.nb.no/Bibliographic/Values/V1000</subfield>
        </datafield>
        <datafield tag="500" ind1=" " ind2=" ">
            <subfield code="a">"The essays assembled in this collection are, by and large, the fruits of two conferences, the 1997 Literature and Natural Environment Conference (University of Wales, Swansea) and the 1998 Culture and Environmentalism Conference (Bath Spa University College)"--p. xi.</subfield>
        </datafield>
        <datafield tag="505" ind1="0" ind2=" ">
            <subfield code="a">After 'Organic Community' : ecocriticism, nature, and human nature / Martin Ryle -- Beyond 2000 : Raymond Williams and the ecocritic's talk / Dominic Head -- Ecofeminism in literary studies / Naomi Guttman -- Towards a post-pastoral view of British poetry / Terry Gifford -- Postmodern ecocriticism in the science fiction novel : J. G. Ballard and Ken Kesey / Bennett Huffman -- Cosmos as metaphor : eco-spiritual poetics / Paul Davies -- Narratives of resignation : environmentalism in recent fiction / Richard Kerridge -- Ecotopian fiction and the sustainable society / Lisa Garforth -- Making the rocks disappear : refocusing Chaucer's Knight's and Flanklin's Tales / Gillian Rudd -- The commodious ark : nature's voice in early modern poetry / Diane McColley -- 'Founded on the affections' : a romantic ecology / Ralph Pite -- Was there a Victorian ecology? / John Parham -- Letting in the sky : an ecofeminists reading of Virginia Woolf's short fiction / Charlotte Zoë Walker -- Reversing the fall : the sense of place in D. H. Lawrence / Gavin Murray -- Twentieth-century rural poets of Britain and Ireland : ecological voices from the geographical and cultural margins / Andy Jurgis -- Ecocriticism : an annotated bibliography / Jo Rawlinson</subfield>
        </datafield>
        <datafield tag="700" ind1="1" ind2=" ">
            <subfield code="a">Davies, Paul</subfield>
            <subfield code="4">ctb</subfield>
            <subfield code="4">http://rdaregistry.info/Elements/m/object/P30327</subfield>
        </datafield>
        <datafield tag="700" ind1="1" ind2=" ">
            <subfield code="a">Garforth, Lisa</subfield>
            <subfield code="4">ctb</subfield>
            <subfield code="4">http://rdaregistry.info/Elements/m/object/P30327</subfield>
        </datafield>
        <datafield tag="700" ind1="1" ind2=" ">
            <subfield code="a">Gifford, Terry</subfield>
            <subfield code="4">ctb</subfield>
            <subfield code="4">http://rdaregistry.info/Elements/m/object/P30327</subfield>
        </datafield>
        <datafield tag="700" ind1="1" ind2=" ">
            <subfield code="a">Guttman, Naomi</subfield>
            <subfield code="4">ctb</subfield>
            <subfield code="4">http://rdaregistry.info/Elements/m/object/P30327</subfield>
        </datafield>
        <datafield tag="700" ind1="1" ind2=" ">
            <subfield code="a">Head, Dominic</subfield>
            <subfield code="4">ctb</subfield>
            <subfield code="4">http://rdaregistry.info/Elements/m/object/P30327</subfield>
        </datafield>
        <datafield tag="700" ind1="1" ind2=" ">
            <subfield code="a">Huffman, Bennett</subfield>
            <subfield code="4">ctb</subfield>
            <subfield code="4">http://rdaregistry.info/Elements/m/object/P30327</subfield>
        </datafield>
        <datafield tag="700" ind1="1" ind2=" ">
            <subfield code="a">Jurgis, Andy</subfield>
            <subfield code="4">ctb</subfield>
            <subfield code="4">http://rdaregistry.info/Elements/m/object/P30327</subfield>
        </datafield>
        <datafield tag="700" ind1="1" ind2=" ">
            <subfield code="a">Kerridge, Richard</subfield>
            <subfield code="4">ctb</subfield>
            <subfield code="4">http://rdaregistry.info/Elements/m/object/P30327</subfield>
        </datafield>
        <datafield tag="700" ind1="1" ind2=" ">
            <subfield code="a">McColley, Diane</subfield>
            <subfield code="4">ctb</subfield>
            <subfield code="4">http://rdaregistry.info/Elements/m/object/P30327</subfield>
        </datafield>
        <datafield tag="700" ind1="1" ind2=" ">
            <subfield code="a">Murray, Gavin</subfield>
            <subfield code="4">ctb</subfield>
            <subfield code="4">http://rdaregistry.info/Elements/m/object/P30327</subfield>
        </datafield>
        <datafield tag="700" ind1="1" ind2=" ">
            <subfield code="a">Parham, John</subfield>
            <subfield code="4">edc</subfield>
            <subfield code="4">edt</subfield>
            <subfield code="4">http://rdaregistry.info/Elements/m/object/P30267</subfield>
        </datafield>
        <datafield tag="700" ind1="1" ind2=" ">
            <subfield code="a">Pite, Ralph</subfield>
            <subfield code="4">ctb</subfield>
            <subfield code="4">http://rdaregistry.info/Elements/m/object/P30327</subfield>
        </datafield>
        <datafield tag="700" ind1="1" ind2=" ">
            <subfield code="a">Rawlinson, Jo</subfield>
            <subfield code="4">ctb</subfield>
            <subfield code="4">http://rdaregistry.info/Elements/m/object/P30327</subfield>
        </datafield>
        <datafield tag="700" ind1="1" ind2=" ">
            <subfield code="a">Rudd, Gillian</subfield>
            <subfield code="4">ctb</subfield>
            <subfield code="4">http://rdaregistry.info/Elements/m/object/P30327</subfield>
        </datafield>
        <datafield tag="700" ind1="1" ind2=" ">
            <subfield code="a">Ryle, Martin</subfield>
            <subfield code="4">ctb</subfield>
            <subfield code="4">http://rdaregistry.info/Elements/m/object/P30327</subfield>
        </datafield>
        <datafield tag="700" ind1="1" ind2=" ">
            <subfield code="a">Walker, Charlotte Zoë.</subfield>
            <subfield code="4">ctb</subfield>
            <subfield code="4">http://rdaregistry.info/Elements/m/object/P30327</subfield>
        </datafield>
        <datafield tag="740" ind1="0" ind2=" ">
            <subfield code="a">After 'Organic Community' : ecocriticism, nature, and human nature.</subfield>
        </datafield>
        <datafield tag="740" ind1="0" ind2=" ">
            <subfield code="a">Beyond 2000 : Raymond Williams and the ecocritic's talk.</subfield>
        </datafield>
        <datafield tag="740" ind1="0" ind2=" ">
            <subfield code="a">Cosmos as metaphor : eco-spiritual poetics.</subfield>
        </datafield>
        <datafield tag="740" ind1="0" ind2=" ">
            <subfield code="a">Ecocriticism : an annotated bibliography.</subfield>
        </datafield>
        <datafield tag="740" ind1="0" ind2=" ">
            <subfield code="a">Ecofeminism in literary studies.</subfield>
        </datafield>
        <datafield tag="740" ind1="0" ind2=" ">
            <subfield code="a">Ecotopian fiction and the sustainable society.</subfield>
        </datafield>
        <datafield tag="740" ind1="0" ind2=" ">
            <subfield code="a">'Founded on the affections' : a romantic ecology.</subfield>
        </datafield>
        <datafield tag="740" ind1="0" ind2=" ">
            <subfield code="a">Letting in the sky : an ecofeminists reading of Virginia Woolf's short fiction.</subfield>
        </datafield>
        <datafield tag="740" ind1="0" ind2=" ">
            <subfield code="a">Making the rocks disappear : refocusing Chaucer's Knight's and Flanklin's Tales.</subfield>
        </datafield>
        <datafield tag="740" ind1="0" ind2=" ">
            <subfield code="a">Narratives of resignation : environmentalism in recent fiction.</subfield>
        </datafield>
        <datafield tag="740" ind1="0" ind2=" ">
            <subfield code="a">Postmodern ecocriticism in the science fiction novel : J. G. Ballard and Ken Kesey.</subfield>
        </datafield>
        <datafield tag="740" ind1="0" ind2=" ">
            <subfield code="a">Reversing the fall : the sense of place in D. H. Lawrence.</subfield>
        </datafield>
        <datafield tag="740" ind1="0" ind2=" ">
            <subfield code="a">Towards a post-pastoral view of British poetry.</subfield>
        </datafield>
        <datafield tag="740" ind1="0" ind2=" ">
            <subfield code="a">Twentieth-century rural poets of Britain and Ireland : ecological voices from the geographical and cultural margins.</subfield>
        </datafield>
        <datafield tag="740" ind1="0" ind2=" ">
            <subfield code="a">Was there a Victorian ecology?.</subfield>
        </datafield>
        <datafield tag="740" ind1="4" ind2=" ">
            <subfield code="a">The commodious ark : nature's voice in early modern poetry.</subfield>
        </datafield>
    </record>