
    <record>
        <leader>05208cam a22006977c 4500</leader>
        <controlfield tag="001">991420559804702201</controlfield>
        <controlfield tag="003">BIBSYS</controlfield>
        <controlfield tag="005">20171205231059.0</controlfield>
        <controlfield tag="007">ta</controlfield>
        <controlfield tag="008">150206s1994    xx#|||||||||||000|u|eng|d</controlfield>
        <datafield tag="020" ind1=" " ind2=" ">
            <subfield code="a">0312855095</subfield>
            <subfield code="q">h.</subfield>
        </datafield>
        <datafield tag="082" ind1="0" ind2="4">
            <subfield code="a">808.838762</subfield>
            <subfield code="q">NoOU</subfield>
            <subfield code="2">23</subfield>
        </datafield>
        <datafield tag="083" ind1="0" ind2=" ">
            <subfield code="a">808.38762</subfield>
            <subfield code="q">NoOU</subfield>
            <subfield code="2">23</subfield>
        </datafield>
        <datafield tag="245" ind1="0" ind2="4">
            <subfield code="a">The ascent of wonder :</subfield>
            <subfield code="b">the evolution of hard SF</subfield>
            <subfield code="c">Edited by David G. Hartwell and Kathryn Cramer</subfield>
        </datafield>
        <datafield tag="260" ind1=" " ind2=" ">
            <subfield code="a">New York</subfield>
            <subfield code="b">Tom Doherty Associates</subfield>
            <subfield code="c">1994</subfield>
        </datafield>
        <datafield tag="300" ind1=" " ind2=" ">
            <subfield code="a">988 s.</subfield>
        </datafield>
        <datafield tag="336" ind1=" " ind2=" ">
            <subfield code="a">tekst</subfield>
            <subfield code="0">http://rdaregistry.info/termList/RDAContentType/1020</subfield>
        </datafield>
        <datafield tag="337" ind1=" " ind2=" ">
            <subfield code="a">uformidlet</subfield>
            <subfield code="0">http://rdaregistry.info/termList/RDAMediaType/1007</subfield>
        </datafield>
        <datafield tag="338" ind1=" " ind2=" ">
            <subfield code="a">bind</subfield>
            <subfield code="0">http://rdaregistry.info/termList/RDACarrierType/1049</subfield>
        </datafield>
        <datafield tag="380" ind1=" " ind2=" ">
            <subfield code="a">Språkbasert verk</subfield>
            <subfield code="1">https://schema.nb.no/Bibliographic/Values/V1000</subfield>
        </datafield>
        <datafield tag="700" ind1="1" ind2=" ">
            <subfield code="a">Asimov, Isaac</subfield>
            <subfield code="d">1920-1992</subfield>
            <subfield code="4">ctb</subfield>
            <subfield code="0">(NO-TrBIB)90104376</subfield>
            <subfield code="1">http://viaf.org/viaf/24597135</subfield>
            <subfield code="4">http://rdaregistry.info/Elements/m/object/P30327</subfield>
        </datafield>
        <datafield tag="700" ind1="1" ind2=" ">
            <subfield code="a">Ballard, J. G.</subfield>
            <subfield code="d">1930-2009</subfield>
            <subfield code="0">(NO-TrBIB)90199005</subfield>
            <subfield code="4">ctb</subfield>
            <subfield code="1">http://viaf.org/viaf/9842556</subfield>
            <subfield code="4">http://rdaregistry.info/Elements/m/object/P30327</subfield>
        </datafield>
        <datafield tag="700" ind1="1" ind2=" ">
            <subfield code="a">Bear, Greg</subfield>
            <subfield code="d">1951-</subfield>
            <subfield code="4">ctb</subfield>
            <subfield code="0">(NO-TrBIB)99017997</subfield>
            <subfield code="4">http://rdaregistry.info/Elements/m/object/P30327</subfield>
        </datafield>
        <datafield tag="700" ind1="1" ind2=" ">
            <subfield code="a">Benford, Gregory</subfield>
            <subfield code="d">1941-</subfield>
            <subfield code="4">ctb</subfield>
            <subfield code="0">(NO-TrBIB)90771280</subfield>
            <subfield code="4">http://rdaregistry.info/Elements/m/object/P30327</subfield>
        </datafield>
        <datafield tag="700" ind1="1" ind2=" ">
            <subfield code="a">Blish, James</subfield>
            <subfield code="d">1921-1975</subfield>
            <subfield code="4">ctb</subfield>
            <subfield code="0">(NO-TrBIB)99056514</subfield>
            <subfield code="1">http://viaf.org/viaf/111470216</subfield>
            <subfield code="4">http://rdaregistry.info/Elements/m/object/P30327</subfield>
        </datafield>
        <datafield tag="700" ind1="1" ind2=" ">
            <subfield code="a">Breuer, Miles J.</subfield>
            <subfield code="4">ctb</subfield>
            <subfield code="0">(NO-TrBIB)13011945</subfield>
            <subfield code="4">http://rdaregistry.info/Elements/m/object/P30327</subfield>
        </datafield>
        <datafield tag="700" ind1="1" ind2=" ">
            <subfield code="a">Campbell, John W.</subfield>
            <subfield code="4">ctb</subfield>
            <subfield code="0">(NO-TrBIB)90210657</subfield>
            <subfield code="4">http://rdaregistry.info/Elements/m/object/P30327</subfield>
        </datafield>
        <datafield tag="700" ind1="1" ind2=" ">
            <subfield code="a">Clarke, Arthur C.</subfield>
            <subfield code="d">1917-2008</subfield>
            <subfield code="q">(Arthur Charles)</subfield>
            <subfield code="4">ctb</subfield>
            <subfield code="0">(NO-TrBIB)90725602</subfield>
            <subfield code="1">http://viaf.org/viaf/27062571</subfield>
            <subfield code="4">http://rdaregistry.info/Elements/m/object/P30327</subfield>
        </datafield>
        <datafield tag="700" ind1="1" ind2=" ">
            <subfield code="a">Cramer, Kathryn</subfield>
            <subfield code="4">edt</subfield>
            <subfield code="0">(NO-TrBIB)10010740</subfield>
            <subfield code="4">http://rdaregistry.info/Elements/m/object/P30267</subfield>
        </datafield>
        <datafield tag="700" ind1="1" ind2=" ">
            <subfield code="a">Foreward, Robert L.</subfield>
            <subfield code="4">ctb</subfield>
            <subfield code="0">(NO-TrBIB)14027116</subfield>
            <subfield code="4">http://rdaregistry.info/Elements/m/object/P30327</subfield>
        </datafield>
        <datafield tag="700" ind1="1" ind2=" ">
            <subfield code="a">Gibson, William</subfield>
            <subfield code="d">1948-</subfield>
            <subfield code="4">ctb</subfield>
            <subfield code="0">(NO-TrBIB)14068323</subfield>
            <subfield code="4">http://rdaregistry.info/Elements/m/object/P30327</subfield>
        </datafield>
        <datafield tag="700" ind1="1" ind2=" ">
            <subfield code="a">Godwin, Tom</subfield>
            <subfield code="4">ctb</subfield>
            <subfield code="0">(NO-TrBIB)13011997</subfield>
            <subfield code="4">http://rdaregistry.info/Elements/m/object/P30327</subfield>
        </datafield>
        <datafield tag="700" ind1="1" ind2=" ">
            <subfield code="a">Grant, Richard</subfield>
            <subfield code="4">ctb</subfield>
            <subfield code="0">(NO-TrBIB)99029153</subfield>
            <subfield code="4">http://rdaregistry.info/Elements/m/object/P30327</subfield>
        </datafield>
        <datafield tag="700" ind1="1" ind2=" ">
            <subfield code="a">Hartwell, David G</subfield>
            <subfield code="4">edt</subfield>
            <subfield code="0">(NO-TrBIB)98031935</subfield>
            <subfield code="4">http://rdaregistry.info/Elements/m/object/P30267</subfield>
        </datafield>
        <datafield tag="700" ind1="1" ind2=" ">
            <subfield code="a">Heinlein, Robert</subfield>
            <subfield code="4">ctb</subfield>
            <subfield code="0">(NO-TrBIB)13011473</subfield>
            <subfield code="4">http://rdaregistry.info/Elements/m/object/P30327</subfield>
        </datafield>
        <datafield tag="700" ind1="1" ind2=" ">
            <subfield code="a">Ing, Dean</subfield>
            <subfield code="4">ctb</subfield>
            <subfield code="0">(NO-TrBIB)12056608</subfield>
            <subfield code="4">http://rdaregistry.info/Elements/m/object/P30327</subfield>
        </datafield>
        <datafield tag="700" ind1="1" ind2=" ">
            <subfield code="a">Kingsbury, Donald M.</subfield>
            <subfield code="4">ctb</subfield>
            <subfield code="0">(NO-TrBIB)14027115</subfield>
            <subfield code="4">http://rdaregistry.info/Elements/m/object/P30327</subfield>
        </datafield>
        <datafield tag="700" ind1="1" ind2=" ">
            <subfield code="a">Kornbluth, C.M.</subfield>
            <subfield code="4">ctb</subfield>
            <subfield code="0">(NO-TrBIB)90955928</subfield>
            <subfield code="4">http://rdaregistry.info/Elements/m/object/P30327</subfield>
        </datafield>
        <datafield tag="700" ind1="1" ind2=" ">
            <subfield code="a">Kuttner, Henry</subfield>
            <subfield code="4">ctb</subfield>
            <subfield code="0">(NO-TrBIB)2126815</subfield>
            <subfield code="4">http://rdaregistry.info/Elements/m/object/P30327</subfield>
        </datafield>
        <datafield tag="700" ind1="1" ind2=" ">
            <subfield code="a">Latham, Philip</subfield>
            <subfield code="4">ctb</subfield>
            <subfield code="0">(NO-TrBIB)13034869</subfield>
            <subfield code="4">http://rdaregistry.info/Elements/m/object/P30327</subfield>
        </datafield>
        <datafield tag="700" ind1="1" ind2=" ">
            <subfield code="a">Le Guin, Ursula K.</subfield>
            <subfield code="d">1929-2018</subfield>
            <subfield code="4">ctb</subfield>
            <subfield code="0">(NO-TrBIB)90052895</subfield>
            <subfield code="4">http://rdaregistry.info/Elements/m/object/P30327</subfield>
        </datafield>
        <datafield tag="700" ind1="1" ind2=" ">
            <subfield code="a">McCaffrey, Anne</subfield>
            <subfield code="d">1926-2011</subfield>
            <subfield code="4">ctb</subfield>
            <subfield code="0">(NO-TrBIB)90152837</subfield>
            <subfield code="4">http://rdaregistry.info/Elements/m/object/P30327</subfield>
        </datafield>
        <datafield tag="700" ind1="1" ind2=" ">
            <subfield code="a">Moore, C.L.</subfield>
            <subfield code="4">ctb</subfield>
            <subfield code="0">(NO-TrBIB)9028280</subfield>
            <subfield code="4">http://rdaregistry.info/Elements/m/object/P30327</subfield>
        </datafield>
        <datafield tag="700" ind1="1" ind2=" ">
            <subfield code="a">Niven, Larry</subfield>
            <subfield code="d">1938-</subfield>
            <subfield code="4">ctb</subfield>
            <subfield code="0">(NO-TrBIB)90950466</subfield>
            <subfield code="4">http://rdaregistry.info/Elements/m/object/P30327</subfield>
        </datafield>
        <datafield tag="700" ind1="1" ind2=" ">
            <subfield code="a">Poe, Edgar Allan</subfield>
            <subfield code="d">1809-1849</subfield>
            <subfield code="4">ctb</subfield>
            <subfield code="0">(NO-TrBIB)90081220</subfield>
            <subfield code="4">http://rdaregistry.info/Elements/m/object/P30327</subfield>
        </datafield>
        <datafield tag="700" ind1="1" ind2=" ">
            <subfield code="a">Rucker, Rudy</subfield>
            <subfield code="4">ctb</subfield>
            <subfield code="0">(NO-TrBIB)90066669</subfield>
            <subfield code="4">http://rdaregistry.info/Elements/m/object/P30327</subfield>
        </datafield>
        <datafield tag="700" ind1="1" ind2=" ">
            <subfield code="a">Schenk, Hilbert</subfield>
            <subfield code="4">ctb</subfield>
            <subfield code="0">(NO-TrBIB)12068919</subfield>
            <subfield code="4">http://rdaregistry.info/Elements/m/object/P30327</subfield>
        </datafield>
        <datafield tag="700" ind1="1" ind2=" ">
            <subfield code="a">Sladek, John T.</subfield>
            <subfield code="4">ctb</subfield>
            <subfield code="0">(NO-TrBIB)14027114</subfield>
            <subfield code="4">http://rdaregistry.info/Elements/m/object/P30327</subfield>
        </datafield>
        <datafield tag="700" ind1="1" ind2=" ">
            <subfield code="a">Sterling, Bruice</subfield>
            <subfield code="4">ctb</subfield>
            <subfield code="0">(NO-TrBIB)14027113</subfield>
            <subfield code="4">http://rdaregistry.info/Elements/m/object/P30327</subfield>
        </datafield>
        <datafield tag="700" ind1="1" ind2=" ">
            <subfield code="a">Thomas, Theodore L.</subfield>
            <subfield code="4">ctb</subfield>
            <subfield code="0">(NO-TrBIB)90073818</subfield>
            <subfield code="4">http://rdaregistry.info/Elements/m/object/P30327</subfield>
        </datafield>
        <datafield tag="700" ind1="1" ind2=" ">
            <subfield code="a">Vinge, Verner</subfield>
            <subfield code="4">ctb</subfield>
            <subfield code="0">(NO-TrBIB)14027117</subfield>
            <subfield code="4">http://rdaregistry.info/Elements/m/object/P30327</subfield>
        </datafield>
        <datafield tag="700" ind1="1" ind2=" ">
            <subfield code="a">Watson, Ian</subfield>
            <subfield code="4">ctb</subfield>
            <subfield code="0">(NO-TrBIB)3028252</subfield>
            <subfield code="4">http://rdaregistry.info/Elements/m/object/P30327</subfield>
        </datafield>
        <datafield tag="700" ind1="1" ind2=" ">
            <subfield code="a">Wells, H. G.</subfield>
            <subfield code="d">1866-1946</subfield>
            <subfield code="q">(Herbert George)</subfield>
            <subfield code="4">ctb</subfield>
            <subfield code="0">(NO-TrBIB)90059385</subfield>
            <subfield code="4">http://rdaregistry.info/Elements/m/object/P30327</subfield>
        </datafield>
        <datafield tag="700" ind1="1" ind2=" ">
            <subfield code="a">Wilhelm, Kate</subfield>
            <subfield code="4">ctb</subfield>
            <subfield code="0">(NO-TrBIB)90073819</subfield>
            <subfield code="4">http://rdaregistry.info/Elements/m/object/P30327</subfield>
        </datafield>
        <datafield tag="700" ind1="1" ind2=" ">
            <subfield code="a">Wolfe, Gene</subfield>
            <subfield code="4">ctb</subfield>
            <subfield code="0">(NO-TrBIB)97049116</subfield>
            <subfield code="4">http://rdaregistry.info/Elements/m/object/P30327</subfield>
        </datafield>
    </record>