
    <record>
        <leader>07530cam a2200505 i 4500</leader>
        <controlfield tag="001">bqrfjfpl8mpzdchg</controlfield>
        <controlfield tag="003">SE-LIBR</controlfield>
        <controlfield tag="005">20210820090756.0</controlfield>
        <controlfield tag="008">210820s2016    nyu|||||||||||000 1|eng| </controlfield>
        <datafield tag="010" ind1=" " ind2=" ">
            <subfield code="a">2015042397</subfield>
        </datafield>
        <datafield tag="020" ind1=" " ind2=" ">
            <subfield code="a">1101910097</subfield>
            <subfield code="q">(pbk.)</subfield>
        </datafield>
        <datafield tag="020" ind1=" " ind2=" ">
            <subfield code="a">9781101910092</subfield>
            <subfield code="q">(pbk.)</subfield>
        </datafield>
        <datafield tag="020" ind1=" " ind2=" ">
            <subfield code="z">9781101910108</subfield>
        </datafield>
        <datafield tag="041" ind1=" " ind2=" ">
            <subfield code="a">eng</subfield>
        </datafield>
        <datafield tag="082" ind1="0" ind2="0">
            <subfield code="a">808.83/8762</subfield>
            <subfield code="2">23</subfield>
        </datafield>
        <datafield tag="245" ind1="1" ind2="4">
            <subfield code="a">The big book of science fiction :</subfield>
            <subfield code="b">the ultimate collection /</subfield>
            <subfield code="c">edited and with an introduction by Ann and Jeff VanderMeer.</subfield>
        </datafield>
        <datafield tag="264" ind1=" " ind2="1">
            <subfield code="a">New York :</subfield>
            <subfield code="b">Vintage Crime/Black Lizard, Vintage Books,</subfield>
            <subfield code="c">2016</subfield>
        </datafield>
        <datafield tag="300" ind1=" " ind2=" ">
            <subfield code="a">xxxi, 1178 pages</subfield>
            <subfield code="c">24 cm</subfield>
        </datafield>
        <datafield tag="336" ind1=" " ind2=" ">
            <subfield code="a">text</subfield>
            <subfield code="b">txt</subfield>
            <subfield code="2">rdacontent</subfield>
            <subfield code="0">http://rdaregistry.info/termList/RDAContentType/1020</subfield>
        </datafield>
        <datafield tag="337" ind1=" " ind2=" ">
            <subfield code="a">unmediated</subfield>
            <subfield code="b">n</subfield>
            <subfield code="2">rdamedia</subfield>
            <subfield code="0">http://rdaregistry.info/termList/RDAMediaType/1007</subfield>
        </datafield>
        <datafield tag="338" ind1=" " ind2=" ">
            <subfield code="a">volume</subfield>
            <subfield code="b">nc</subfield>
            <subfield code="2">rdacarrier</subfield>
            <subfield code="0">http://rdaregistry.info/termList/RDACarrierType/1049</subfield>
        </datafield>
        <datafield tag="380" ind1=" " ind2=" ">
            <subfield code="a">Fiction</subfield>
        </datafield>
        <datafield tag="490" ind1="1" ind2=" ">
            <subfield code="a">Vintage Crime/Black Lizard</subfield>
        </datafield>
        <datafield tag="490" ind1="1" ind2=" ">
            <subfield code="a">Vintage Crime/Black Lizard original</subfield>
        </datafield>
        <datafield tag="505" ind1="8" ind2=" ">
            <subfield code="t">Crying in the rain /</subfield>
            <subfield code="r">Tanith Lee --</subfield>
            <subfield code="t">The frozen cardinal /</subfield>
            <subfield code="r">Michael Moorcock --</subfield>
            <subfield code="t">Rachel in love /</subfield>
            <subfield code="r">Pat Murphy --</subfield>
            <subfield code="t">Sharing air /</subfield>
            <subfield code="r">Manjula Padmanabhan --</subfield>
            <subfield code="t">Schwarzschild radius /</subfield>
            <subfield code="r">Connie Willis --</subfield>
            <subfield code="t">All the hues of hell /</subfield>
            <subfield code="r">Gene Wolfe --</subfield>
            <subfield code="t">Vacuum states /</subfield>
            <subfield code="r">Geoffrey A. Landis --</subfield>
            <subfield code="t">Two small birds /</subfield>
            <subfield code="r">Han Song --</subfield>
            <subfield code="t">Burning sky /</subfield>
            <subfield code="r">Rachel Pollack --</subfield>
            <subfield code="t">Before I wake /</subfield>
            <subfield code="r">Kim Stanley Robinson --</subfield>
            <subfield code="t">Death is static death is movement /</subfield>
            <subfield code="r">Misha Nogha --</subfield>
            <subfield code="t">The brains of rats /</subfield>
            <subfield code="r">Michael Blumlein --</subfield>
            <subfield code="t">Gorgonoids /</subfield>
            <subfield code="r">Leena Krohn --</subfield>
            <subfield code="t">Vacancy for the post of Jesus Christ /</subfield>
            <subfield code="r">Kojo Laing --</subfield>
            <subfield code="t">The universe of things /</subfield>
            <subfield code="r">Gwyneth Jones --</subfield>
            <subfield code="t">The Remoras /</subfield>
            <subfield code="r">Robert Reed --</subfield>
            <subfield code="t">The ghost standard /</subfield>
            <subfield code="r">William Tenn --</subfield>
            <subfield code="t">Remnants of the Virago crypto-system /</subfield>
            <subfield code="r">Geoffrey Maloney --</subfield>
            <subfield code="t">How Alex became a machine /</subfield>
            <subfield code="r">Stepan Chapman --</subfield>
            <subfield code="t">The poetry cloud /</subfield>
            <subfield code="r">Cixin Liu --</subfield>
            <subfield code="t">Story of your life /</subfield>
            <subfield code="r">Ted Chiang --</subfield>
            <subfield code="t">Craphound /</subfield>
            <subfield code="r">Cory Doctorow --</subfield>
            <subfield code="t">The Slynx /</subfield>
            <subfield code="r">Tatyana Tolstaya --</subfield>
            <subfield code="t">Baby doll /</subfield>
            <subfield code="r">Johanna Sinisalo.</subfield>
        </datafield>
        <datafield tag="505" ind1="8" ind2=" ">
            <subfield code="t">Darkness /</subfield>
            <subfield code="r">André Carneiro --</subfield>
            <subfield code="t">"Repent, Harlequin!" said the Ticktockman /</subfield>
            <subfield code="r">Harlan Ellison --</subfield>
            <subfield code="t">Nine hundred grandmothers /</subfield>
            <subfield code="r">R.A. Lafferty --</subfield>
            <subfield code="t">Day million /</subfield>
            <subfield code="r">Frederik Pohl --</subfield>
            <subfield code="t">Student body /</subfield>
            <subfield code="r">F.L. Wallace --</subfield>
            <subfield code="t">Aye, and Gomorrah /</subfield>
            <subfield code="r">Samuel R. Delany --</subfield>
            <subfield code="t">The hall of machines /</subfield>
            <subfield code="r">Langdon Jones --</subfield>
            <subfield code="t">Soft clocks /</subfield>
            <subfield code="r">Yoshio Aramaki --</subfield>
            <subfield code="t">Three from Moderan /</subfield>
            <subfield code="r">David R. Bunch --</subfield>
            <subfield code="t">Let us save the universe /</subfield>
            <subfield code="r">Stanisław Lem --</subfield>
            <subfield code="t">Vaster than empires and more slow /</subfield>
            <subfield code="r">Ursula K. Le Guin --</subfield>
            <subfield code="t">Good news from the Vatican /</subfield>
            <subfield code="r">Robert Silverberg --</subfield>
            <subfield code="t">When it changed /</subfield>
            <subfield code="r">Joanna Russ --</subfield>
            <subfield code="t">And I awoke and found me here on the cold hill's side /</subfield>
            <subfield code="r">James Tiptree Jr. --</subfield>
            <subfield code="t">Where two paths cross /</subfield>
            <subfield code="r">Dmitri Bilenkin --</subfield>
            <subfield code="t">Standing woman /</subfield>
            <subfield code="r">Yasutaka Tsutsui --</subfield>
            <subfield code="t">The IWM 1000 /</subfield>
            <subfield code="r">Alicia Yánez Cossio --</subfield>
            <subfield code="t">The house of compassionate sharers /</subfield>
            <subfield code="r">Michael Bishop --</subfield>
            <subfield code="t">Sporting with the Chid /</subfield>
            <subfield code="r">Barrington J. Bayley --</subfield>
            <subfield code="t">Sandkings /</subfield>
            <subfield code="r">George R.R. Martin --</subfield>
            <subfield code="t">Wives /</subfield>
            <subfield code="r">Lisa Tuttle --</subfield>
            <subfield code="t">The snake who had read Chomsky /</subfield>
            <subfield code="r">Josephine Saxton --</subfield>
            <subfield code="t">Reiko's universe box /</subfield>
            <subfield code="r">Kajio Shinji --</subfield>
            <subfield code="t">Swarm /</subfield>
            <subfield code="r">Bruce Sterling --</subfield>
            <subfield code="t">Mondocane /</subfield>
            <subfield code="r">Jacques Barbéri --</subfield>
            <subfield code="t">Blood music /</subfield>
            <subfield code="r">Greg Bear --</subfield>
            <subfield code="t">Bloodchild /</subfield>
            <subfield code="r">Octavia E. Butler --</subfield>
            <subfield code="t">Variation on a man /</subfield>
            <subfield code="r">Pat Cadigan --</subfield>
            <subfield code="t">Passing as a flower in the City of the Dead /</subfield>
            <subfield code="r">S.N. Dyer --</subfield>
            <subfield code="t">New Rose Hotel /</subfield>
            <subfield code="r">William Gibson --</subfield>
            <subfield code="t">Pots /</subfield>
            <subfield code="r">C.J. Cherryh --</subfield>
            <subfield code="t">Snow /</subfield>
            <subfield code="r">John Crowley --</subfield>
            <subfield code="t">The lake was full of artificial things /</subfield>
            <subfield code="r">Karen Joy Fowler --</subfield>
            <subfield code="t">The unmistakable smell of wood violets /</subfield>
            <subfield code="r">Angélica Gorodischer --</subfield>
            <subfield code="t">The owl of Bear Island /</subfield>
            <subfield code="r">Jon Bing --</subfield>
            <subfield code="t">Readers of the lost art /</subfield>
            <subfield code="r">Élisabeth Vonarburg --</subfield>
            <subfield code="t">A gift from the culture /</subfield>
            <subfield code="r">Iain M. Banks --</subfield>
            <subfield code="t">Paranamanco /</subfield>
            <subfield code="r">Jean-Claude Dunyach.</subfield>
        </datafield>
        <datafield tag="505" ind1="8" ind2=" ">
            <subfield code="t">The star /</subfield>
            <subfield code="r">H.G. Wells --</subfield>
            <subfield code="t">Sultana's dream /</subfield>
            <subfield code="r">Rokheya Shekhawat Hossain --</subfield>
            <subfield code="t">The triumph of mechanics /</subfield>
            <subfield code="r">Karl Hans Strobl --</subfield>
            <subfield code="t">The new overworld /</subfield>
            <subfield code="r">Paul Scheerbart --</subfield>
            <subfield code="t">Elements of Pataphysics /</subfield>
            <subfield code="r">Alfred Jarry --</subfield>
            <subfield code="t">Mechanopolis /</subfield>
            <subfield code="r">Miguel de Unamuno --</subfield>
            <subfield code="t">The doom of Principal City /</subfield>
            <subfield code="r">Yefim Zozulya --</subfield>
            <subfield code="t">The comet /</subfield>
            <subfield code="r">W.E.B. Du Bois --</subfield>
            <subfield code="t">The fate of the Poseidonia /</subfield>
            <subfield code="r">Clare Winger Harris --</subfield>
            <subfield code="t">The star stealers /</subfield>
            <subfield code="r">Edmond Hamilton --</subfield>
            <subfield code="t">The conquest of Gola /</subfield>
            <subfield code="r">Leslie F. Stone --</subfield>
            <subfield code="t">A Martian odyssey /</subfield>
            <subfield code="r">Stanley G. Weinbaum --</subfield>
            <subfield code="t">The last poet and the robots /</subfield>
            <subfield code="r">A. Merritt --</subfield>
            <subfield code="t">The microscopic giants /</subfield>
            <subfield code="r">Paul Ernst --</subfield>
            <subfield code="t">Tlön, Uqbar, Orbis Tertius /</subfield>
            <subfield code="r">Jorge Luis Borges --</subfield>
            <subfield code="t">Desertion /</subfield>
            <subfield code="r">Clifford D. Simak --</subfield>
            <subfield code="t">September 2005 : the Martian /</subfield>
            <subfield code="r">Ray Bradbury --</subfield>
            <subfield code="t">Baby HP /</subfield>
            <subfield code="r">Juan José Arreola --</subfield>
            <subfield code="t">Surface tension /</subfield>
            <subfield code="r">James Blish --</subfield>
            <subfield code="t">Beyond lies the Wub /</subfield>
            <subfield code="r">Philip K. Dick --</subfield>
            <subfield code="t">The snowball effect /</subfield>
            <subfield code="r">Katherine MacLean --</subfield>
            <subfield code="t">Prott /</subfield>
            <subfield code="r">Margaret St. Clair --</subfield>
            <subfield code="t">The liberation of Earth /</subfield>
            <subfield code="r">William Tenn --</subfield>
            <subfield code="t">Let me live in a house /</subfield>
            <subfield code="r">Chad Oliver --</subfield>
            <subfield code="t">The star /</subfield>
            <subfield code="r">Arthur C. Clarke --</subfield>
            <subfield code="t">Grandpa /</subfield>
            <subfield code="r">James H. Schmitz --</subfield>
            <subfield code="t">The game of rat and dragon /</subfield>
            <subfield code="r">Cordwainer Smith --</subfield>
            <subfield code="t">The last question /</subfield>
            <subfield code="r">Isaac Asimov --</subfield>
            <subfield code="t">Stranger station /</subfield>
            <subfield code="r">Damon Knight --</subfield>
            <subfield code="t">Sector general /</subfield>
            <subfield code="r">James White --</subfield>
            <subfield code="t">The visitors /</subfield>
            <subfield code="r">Arkady and Boris Strugatsky --</subfield>
            <subfield code="t">Pelt /</subfield>
            <subfield code="r">Carol Emshwiller --</subfield>
            <subfield code="t">The monster /</subfield>
            <subfield code="r">Gérard Klein --</subfield>
            <subfield code="t">The man who lost the sea /</subfield>
            <subfield code="r">Theodore Sturgeon --</subfield>
            <subfield code="t">The waves /</subfield>
            <subfield code="r">Silvina Ocampo --</subfield>
            <subfield code="t">Plenitude /</subfield>
            <subfield code="r">Will Worthington --</subfield>
            <subfield code="t">The voices of time /</subfield>
            <subfield code="r">J.G. Ballard --</subfield>
            <subfield code="t">The astronaut /</subfield>
            <subfield code="r">Valentina Zhuravlyova --</subfield>
            <subfield code="t">The squid chooses its own ink /</subfield>
            <subfield code="r">Adolfo Bioy Casares --</subfield>
            <subfield code="t">2BRO2B /</subfield>
            <subfield code="r">Kurt Vonnegut Jr. --</subfield>
            <subfield code="t">A modest genius /</subfield>
            <subfield code="r">Vadim Shefner --</subfield>
            <subfield code="t">Day of Wrath /</subfield>
            <subfield code="r">Sever Gansovsky --</subfield>
            <subfield code="t">The hands /</subfield>
            <subfield code="r">John Baxter.</subfield>
        </datafield>
        <datafield tag="520" ind1=" " ind2=" ">
            <subfield code="a">"What if life was neverending? What if you could change your body to adapt to an alien ecology? What if the pope were a robot? Spanning galaxies and millennia, this must-have anthology showcases classic contributions from H.G. Wells, Arthur C. Clarke, Octavia E. Butler, and Kurt Vonnegut, alongside a century of the eccentrics, rebels, and visionaries who have inspired generations of readers. Within its pages, you'll find beloved worlds of space opera, hard SF, cyberpunk, the New Wave, and more. Learn about the secret history of science fiction, from titans of literature who also wrote SF to less well-known authors from more than twenty-five countries, some never before translated into English. In The Big Book of Science Fiction, literary power couple Ann and Jeff VanderMeer transport readers from Mars to Mechanopolis, planet Earth to parts unknown. Immerse yourself in the genre that predicted electric cars, space tourism, and smartphones. Sit back, buckle up, and dial in the coordinates, as this stellar anthology has got worlds within worlds"--Back cover.</subfield>
        </datafield>
        <datafield tag="648" ind1=" " ind2="7">
            <subfield code="a">1900-2099</subfield>
            <subfield code="2">fast</subfield>
        </datafield>
        <datafield tag="700" ind1="1" ind2=" ">
            <subfield code="a">VanderMeer, Ann</subfield>
            <subfield code="4">edt</subfield>
            <subfield code="4">http://rdaregistry.info/Elements/m/object/P30267</subfield>
        </datafield>
        <datafield tag="700" ind1="1" ind2=" ">
            <subfield code="a">VanderMeer, Jeff</subfield>
            <subfield code="4">edt</subfield>
            <subfield code="4">http://rdaregistry.info/Elements/m/object/P30267</subfield>
        </datafield>
        <datafield tag="700" ind1="1" ind2="2">
            <subfield code="a">Ballard, J. G.</subfield>
            <subfield code="d">1930-2009</subfield>
            <subfield code="t">The voices of time</subfield>
            <subfield code="1">http://viaf.org/viaf/311471559</subfield>
        </datafield>
        <datafield tag="830" ind1=" " ind2="0">
            <subfield code="a">Vintage crime/Black Lizard</subfield>
        </datafield>
        <datafield tag="830" ind1=" " ind2="0">
            <subfield code="a">Vintage crime/Black Lizard original</subfield>
        </datafield>
    </record>