
    <record>
        <leader>02106cam a22003497c 4500</leader>
        <controlfield tag="001">991307062304702201</controlfield>
        <controlfield tag="003">BIBSYS</controlfield>
        <controlfield tag="005">20150206120624.0</controlfield>
        <controlfield tag="007">ta</controlfield>
        <controlfield tag="008">150206s1969    xx#|||||||||||000|f|eng|d</controlfield>
        <datafield tag="020" ind1=" " ind2=" ">
            <subfield code="a">0425011089</subfield>
            <subfield code="q">h.</subfield>
        </datafield>
        <datafield tag="245" ind1="0" ind2="0">
            <subfield code="a">Spectrum :</subfield>
            <subfield code="b">3</subfield>
            <subfield code="c">Ed. Kingsley Amis &amp; Robert Conquest</subfield>
        </datafield>
        <datafield tag="260" ind1=" " ind2=" ">
            <subfield code="a">New York</subfield>
            <subfield code="b">Berkley</subfield>
            <subfield code="c">1969</subfield>
        </datafield>
        <datafield tag="300" ind1=" " ind2=" ">
            <subfield code="a">254 s.</subfield>
        </datafield>
        <datafield tag="336" ind1=" " ind2=" ">
            <subfield code="a">tekst</subfield>
            <subfield code="0">http://rdaregistry.info/termList/RDAContentType/1020</subfield>
        </datafield>
        <datafield tag="337" ind1=" " ind2=" ">
            <subfield code="a">uformidlet</subfield>
            <subfield code="0">http://rdaregistry.info/termList/RDAMediaType/1007</subfield>
        </datafield>
        <datafield tag="338" ind1=" " ind2=" ">
            <subfield code="a">bind</subfield>
            <subfield code="0">http://rdaregistry.info/termList/RDACarrierType/1049</subfield>
        </datafield>
        <datafield tag="380" ind1=" " ind2=" ">
            <subfield code="a">Språkbasert verk</subfield>
            <subfield code="1">https://schema.nb.no/Bibliographic/Values/V1000</subfield>
        </datafield>
        <datafield tag="490" ind1="1" ind2=" ">
            <subfield code="a">Spectrum</subfield>
            <subfield code="v">3</subfield>
        </datafield>
        <datafield tag="700" ind1="1" ind2=" ">
            <subfield code="a">Amis, Kingsley</subfield>
            <subfield code="d">1922-1995</subfield>
            <subfield code="4">edt</subfield>
            <subfield code="4">edc</subfield>
            <subfield code="0">(NO-TrBIB)90096252</subfield>
            <subfield code="1">http://viaf.org/viaf/311112707</subfield>
            <subfield code="4">http://rdaregistry.info/Elements/m/object/P30267</subfield>
        </datafield>
        <datafield tag="700" ind1="1" ind2=" ">
            <subfield code="a">Anderson, Poul</subfield>
            <subfield code="d">1926-2001</subfield>
            <subfield code="4">ctb</subfield>
            <subfield code="0">(NO-TrBIB)90135259</subfield>
            <subfield code="1">http://viaf.org/viaf/12304119</subfield>
            <subfield code="4">http://rdaregistry.info/Elements/m/object/P30327</subfield>
        </datafield>
        <datafield tag="700" ind1="1" ind2=" ">
            <subfield code="a">Ballard, J. G.</subfield>
            <subfield code="d">1930-2009</subfield>
            <subfield code="4">ctb</subfield>
            <subfield code="0">(NO-TrBIB)90199005</subfield>
            <subfield code="1">http://viaf.org/viaf/9842556</subfield>
            <subfield code="4">http://rdaregistry.info/Elements/m/object/P30327</subfield>
        </datafield>
        <datafield tag="700" ind1="1" ind2=" ">
            <subfield code="a">Bester, Alfred</subfield>
            <subfield code="d">1913-1987</subfield>
            <subfield code="4">ctb</subfield>
            <subfield code="0">(NO-TrBIB)90083185</subfield>
            <subfield code="4">http://rdaregistry.info/Elements/m/object/P30327</subfield>
        </datafield>
        <datafield tag="700" ind1="1" ind2=" ">
            <subfield code="a">Clarke, Arthur C.</subfield>
            <subfield code="d">1917-2008</subfield>
            <subfield code="q">(Arthur Charles)</subfield>
            <subfield code="4">ctb</subfield>
            <subfield code="0">(NO-TrBIB)90725602</subfield>
            <subfield code="1">http://viaf.org/viaf/27062571</subfield>
            <subfield code="4">http://rdaregistry.info/Elements/m/object/P30327</subfield>
        </datafield>
        <datafield tag="700" ind1="1" ind2=" ">
            <subfield code="a">Conquest, Robert</subfield>
            <subfield code="d">1917-2015</subfield>
            <subfield code="4">edt</subfield>
            <subfield code="0">(NO-TrBIB)90092680</subfield>
            <subfield code="4">http://rdaregistry.info/Elements/m/object/P30267</subfield>
        </datafield>
        <datafield tag="700" ind1="1" ind2=" ">
            <subfield code="a">Leinster, Murray</subfield>
            <subfield code="4">ctb</subfield>
            <subfield code="0">(NO-TrBIB)12071884</subfield>
            <subfield code="4">http://rdaregistry.info/Elements/m/object/P30327</subfield>
        </datafield>
        <datafield tag="700" ind1="1" ind2=" ">
            <subfield code="a">Phillips, Peter</subfield>
            <subfield code="4">ctb</subfield>
            <subfield code="0">(NO-TrBIB)97054954</subfield>
            <subfield code="4">http://rdaregistry.info/Elements/m/object/P30327</subfield>
        </datafield>
        <datafield tag="700" ind1="1" ind2=" ">
            <subfield code="a">Rose, Poul</subfield>
            <subfield code="4">ctb</subfield>
            <subfield code="0">(NO-TrBIB)13011960</subfield>
            <subfield code="4">http://rdaregistry.info/Elements/m/object/P30327</subfield>
        </datafield>
        <datafield tag="700" ind1="1" ind2=" ">
            <subfield code="a">Sturgeon, Theodore</subfield>
            <subfield code="d">1918-1985</subfield>
            <subfield code="4">ctb</subfield>
            <subfield code="0">(NO-TrBIB)90967876</subfield>
            <subfield code="1">http://viaf.org/viaf/100257330</subfield>
            <subfield code="4">http://rdaregistry.info/Elements/m/object/P30327</subfield>
        </datafield>
        <datafield tag="830" ind1=" " ind2="0">
            <subfield code="a">Spectrum</subfield>
            <subfield code="v">3</subfield>
        </datafield>
    </record>