
    <record>
        <leader>02961nam a2200505 i 4500</leader>
        <controlfield tag="001">q205pglbnz9tplbb</controlfield>
        <controlfield tag="003">SE-LIBR</controlfield>
        <controlfield tag="005">20200221153943.0</controlfield>
        <controlfield tag="008">200221t20182018enka|||||b||||001 0deng| </controlfield>
        <datafield tag="010" ind1=" " ind2=" ">
            <subfield code="a">2017060028</subfield>
        </datafield>
        <datafield tag="020" ind1=" " ind2=" ">
            <subfield code="a">1350011681</subfield>
            <subfield code="q">(HB)</subfield>
        </datafield>
        <datafield tag="020" ind1=" " ind2=" ">
            <subfield code="a">9781350011687</subfield>
            <subfield code="q">(HB)</subfield>
        </datafield>
        <datafield tag="020" ind1=" " ind2=" ">
            <subfield code="z">135001169X (ebook)</subfield>
        </datafield>
        <datafield tag="020" ind1=" " ind2=" ">
            <subfield code="z">9781350011694 (ebook)</subfield>
        </datafield>
        <datafield tag="020" ind1=" " ind2=" ">
            <subfield code="z">9781350011700 (pdf)</subfield>
        </datafield>
        <datafield tag="041" ind1=" " ind2=" ">
            <subfield code="a">eng</subfield>
        </datafield>
        <datafield tag="043" ind1=" " ind2=" ">
            <subfield code="a">e-uk---</subfield>
        </datafield>
        <datafield tag="082" ind1="0" ind2="0">
            <subfield code="a">823/.91409</subfield>
            <subfield code="2">23</subfield>
        </datafield>
        <datafield tag="245" ind1="1" ind2="4">
            <subfield code="a">The 1960s :</subfield>
            <subfield code="b">a decade of modern British fiction /</subfield>
            <subfield code="c">edited by Philip Tew, James Riley and Melanie Seddon.</subfield>
        </datafield>
        <datafield tag="246" ind1="1" ind2=" ">
            <subfield code="a">Decade of modern British fiction</subfield>
        </datafield>
        <datafield tag="246" ind1="1" ind2="3">
            <subfield code="a">Nineteen sixties :</subfield>
            <subfield code="b">a decade of modern British fiction</subfield>
        </datafield>
        <datafield tag="264" ind1=" " ind2="1">
            <subfield code="a">London ;</subfield>
            <subfield code="a">New York :</subfield>
            <subfield code="b">Bloomsbury Academic,</subfield>
            <subfield code="c">2018</subfield>
        </datafield>
        <datafield tag="264" ind1=" " ind2="4">
            <subfield code="c">©2018</subfield>
        </datafield>
        <datafield tag="300" ind1=" " ind2=" ">
            <subfield code="a">xv, 332 pages</subfield>
            <subfield code="b">illustration</subfield>
            <subfield code="c">25 cm.</subfield>
        </datafield>
        <datafield tag="336" ind1=" " ind2=" ">
            <subfield code="a">text</subfield>
            <subfield code="b">txt</subfield>
            <subfield code="2">rdacontent</subfield>
            <subfield code="0">http://rdaregistry.info/termList/RDAContentType/1020</subfield>
        </datafield>
        <datafield tag="337" ind1=" " ind2=" ">
            <subfield code="a">unmediated</subfield>
            <subfield code="b">n</subfield>
            <subfield code="2">rdamedia</subfield>
            <subfield code="0">http://rdaregistry.info/termList/RDAMediaType/1007</subfield>
        </datafield>
        <datafield tag="338" ind1=" " ind2=" ">
            <subfield code="a">volume</subfield>
            <subfield code="b">nc</subfield>
            <subfield code="2">rdacarrier</subfield>
            <subfield code="0">http://rdaregistry.info/termList/RDACarrierType/1049</subfield>
        </datafield>
        <datafield tag="490" ind1="1" ind2=" ">
            <subfield code="a">The Decades Series</subfield>
        </datafield>
        <datafield tag="504" ind1=" " ind2=" ">
            <subfield code="a">Includes bibliographical references and index.</subfield>
        </datafield>
        <datafield tag="505" ind1="8" ind2=" ">
            <subfield code="a">Surfing the Sixties: Critical introduction / Philip Tew, James Riley and Melanie Seddon -- Our troubled youth: a literary history of the 1960s / Melanie Seddon -- The housewife and the single girl as archetypes in satirical novels of the 1960s / Joseph Darlington -- British women's fiction of the 1960s / Tracy Hargreaves -- Certain circles: gay fiction and cultural attitudes of the 1960s / Yvonne Salmon -- Ways of staying, ways of saying: from Black writing in Britain to Black British writing / Graham K. Riach -- The 1960s existential fiction of John Fowles / Michelle Phillips Buchberger -- Experimental British fiction of the Sixties: five meta-modern novelists / Philip Tew -- Inner space odyssey: suburban spacemen and the cults of catastrophe / James Reich -- Terminal data: J.G. Ballard, Michael Moorcock and the fiction of the decade's end / James Riley.</subfield>
        </datafield>
        <datafield tag="648" ind1=" " ind2="7">
            <subfield code="a">1900-1999</subfield>
            <subfield code="2">fast</subfield>
        </datafield>
        <datafield tag="648" ind1=" " ind2="7">
            <subfield code="a">1960-talet</subfield>
            <subfield code="0">https://id.kb.se/term/sao/1960-talet</subfield>
            <subfield code="2">sao</subfield>
        </datafield>
        <datafield tag="700" ind1="1" ind2=" ">
            <subfield code="a">Riley, James</subfield>
            <subfield code="d">1981-</subfield>
            <subfield code="4">edt</subfield>
            <subfield code="4">aui</subfield>
            <subfield code="4">edc</subfield>
            <subfield code="4">http://rdaregistry.info/Elements/m/object/P30267</subfield>
        </datafield>
        <datafield tag="700" ind1="1" ind2=" ">
            <subfield code="a">Seddon, Melanie</subfield>
            <subfield code="4">edt</subfield>
            <subfield code="4">aui</subfield>
            <subfield code="4">edc</subfield>
            <subfield code="4">http://rdaregistry.info/Elements/m/object/P30267</subfield>
        </datafield>
        <datafield tag="700" ind1="1" ind2=" ">
            <subfield code="a">Tew, Philip</subfield>
            <subfield code="4">edt</subfield>
            <subfield code="4">edt</subfield>
            <subfield code="4">aui</subfield>
            <subfield code="4">edc</subfield>
            <subfield code="4">http://rdaregistry.info/Elements/m/object/P30267</subfield>
        </datafield>
        <datafield tag="830" ind1=" " ind2="0">
            <subfield code="a">Decades series (Bloomsbury (Firm))</subfield>
        </datafield>
    </record>