
    <record>
        <leader>01557cam a22003377  4500</leader>
        <controlfield tag="001">6122682</controlfield>
        <controlfield tag="003">SE-LIBR</controlfield>
        <controlfield tag="005">20180212090923.0</controlfield>
        <controlfield tag="008">011211s1997    xxk|||||||||||000 0|eng|c</controlfield>
        <datafield tag="020" ind1=" " ind2=" ">
            <subfield code="a">0853238219</subfield>
            <subfield code="q">inb.</subfield>
        </datafield>
        <datafield tag="020" ind1=" " ind2=" ">
            <subfield code="a">0853238316</subfield>
            <subfield code="q">hft.</subfield>
        </datafield>
        <datafield tag="041" ind1=" " ind2=" ">
            <subfield code="a">eng</subfield>
        </datafield>
        <datafield tag="082" ind1=" " ind2="4">
            <subfield code="a">823.914</subfield>
            <subfield code="2">20</subfield>
        </datafield>
        <datafield tag="082" ind1=" " ind2="4">
            <subfield code="a">823.914</subfield>
            <subfield code="2">20</subfield>
        </datafield>
        <datafield tag="100" ind1="1" ind2=" ">
            <subfield code="a">Luckhurst, Roger</subfield>
            <subfield code="4">aut</subfield>
            <subfield code="1">http://viaf.org/viaf/59236034</subfield>
            <subfield code="4">http://rdaregistry.info/Elements/w/object/P10061</subfield>
        </datafield>
        <datafield tag="240" ind1=" " ind2=" ">
            <subfield code="a">"The angle between two walls" : the fiction of J. G. Ballard</subfield>
            <subfield code="1">http://viaf.org/viaf/59236034/theangle</subfield>
        </datafield>
        <datafield tag="245" ind1="1" ind2="5">
            <subfield code="a">"The angle between two walls" :</subfield>
            <subfield code="b">the fiction of J. G. Ballard /</subfield>
            <subfield code="c">Roger Luckhurst.</subfield>
        </datafield>
        <datafield tag="264" ind1=" " ind2="1">
            <subfield code="a">Liverpool :</subfield>
            <subfield code="b">Liverpool University Press,</subfield>
            <subfield code="c">1997</subfield>
        </datafield>
        <datafield tag="300" ind1=" " ind2=" ">
            <subfield code="a">2213 s.</subfield>
        </datafield>
        <datafield tag="336" ind1=" " ind2=" ">
            <subfield code="a">tekst</subfield>
            <subfield code="0">http://rdaregistry.info/termList/RDAContentType/1020</subfield>
        </datafield>
        <datafield tag="337" ind1=" " ind2=" ">
            <subfield code="a">uformidlet</subfield>
            <subfield code="0">http://rdaregistry.info/termList/RDAMediaType/1007</subfield>
        </datafield>
        <datafield tag="338" ind1=" " ind2=" ">
            <subfield code="a">bind</subfield>
            <subfield code="0">http://rdaregistry.info/termList/RDACarrierType/1049</subfield>
        </datafield>
        <datafield tag="380" ind1=" " ind2=" ">
            <subfield code="a">Språkbasert verk</subfield>
            <subfield code="1">https://schema.nb.no/Bibliographic/Values/V1000</subfield>
        </datafield>
        <datafield tag="490" ind1="1" ind2=" ">
            <subfield code="a">Liverpool science fiction texts and studies,</subfield>
            <subfield code="x">99-2277214-0 ;</subfield>
            <subfield code="v">11</subfield>
        </datafield>
        <datafield tag="600" ind1="1" ind2="4">
            <subfield code="a">Ballard, J. G.</subfield>
            <subfield code="d">1930-2009</subfield>
            <subfield code="0">https://libris.kb.se/dbqssg6x38zr5cn#it</subfield>
            <subfield code="1">http://viaf.org/viaf/9842556</subfield>
        </datafield>
        <datafield tag="830" ind1=" " ind2="0">
            <subfield code="a">Liverpool science fiction texts and studies,</subfield>
            <subfield code="x">99-2277214-0 ;</subfield>
            <subfield code="v">11</subfield>
        </datafield>
    </record>