
    <record>
        <leader>02620nam a22005051c 4500</leader>
        <controlfield tag="001">999920342614102201</controlfield>
        <controlfield tag="003">BIBSYS</controlfield>
        <controlfield tag="005">20210606072929.0</controlfield>
        <controlfield tag="006">m        d        </controlfield>
        <controlfield tag="007">cr cnu||||||||</controlfield>
        <controlfield tag="008">140929s2011    enk     ob    001 0 eng d</controlfield>
        <datafield tag="020" ind1=" " ind2=" ">
            <subfield code="a">1-4411-4171-5</subfield>
        </datafield>
        <datafield tag="020" ind1=" " ind2=" ">
            <subfield code="a">1-4725-4285-1</subfield>
        </datafield>
        <datafield tag="024" ind1="7" ind2=" ">
            <subfield code="a">10.5040/9781472542854</subfield>
            <subfield code="2">doi</subfield>
        </datafield>
        <datafield tag="041" ind1=" " ind2=" ">
            <subfield code="a">eng</subfield>
        </datafield>
        <datafield tag="082" ind1="0" ind2="0">
            <subfield code="a">823.914</subfield>
            <subfield code="2">22</subfield>
        </datafield>
        <datafield tag="100" ind1="1" ind2=" ">
            <subfield code="a">Francis, Samuel T.</subfield>
            <subfield code="e">author</subfield>
            <subfield code="1">http://viaf.org/viaf/43176679</subfield>
            <subfield code="4">http://rdaregistry.info/Elements/w/object/P10061</subfield>
        </datafield>
        <datafield tag="240" ind1=" " ind2=" ">
            <subfield code="a">The psychological fictions of J. G. Ballard</subfield>
            <subfield code="1">http://viaf.org/viaf/43176679/thepsychologicalfictionsofjgallard</subfield>
        </datafield>
        <datafield tag="245" ind1="1" ind2="4">
            <subfield code="a">The Psychological Fictions of J.G. Ballard </subfield>
            <subfield code="c">Samuel Francis.</subfield>
        </datafield>
        <datafield tag="264" ind1=" " ind2="1">
            <subfield code="a">London </subfield>
            <subfield code="a">New York </subfield>
            <subfield code="b">Continuum </subfield>
            <subfield code="c">2011.</subfield>
        </datafield>
        <datafield tag="300" ind1=" " ind2=" ">
            <subfield code="a">1 online resource (209 pages).</subfield>
        </datafield>
        <datafield tag="336" ind1=" " ind2=" ">
            <subfield code="a">text</subfield>
            <subfield code="b">txt</subfield>
            <subfield code="0">http://rdaregistry.info/termList/RDAContentType/1020</subfield>
        </datafield>
        <datafield tag="337" ind1=" " ind2=" ">
            <subfield code="a">computer</subfield>
            <subfield code="b">c</subfield>
            <subfield code="0">http://rdaregistry.info/termList/RDAMediaType/1003</subfield>
        </datafield>
        <datafield tag="338" ind1=" " ind2=" ">
            <subfield code="a">online resource</subfield>
            <subfield code="b">cr</subfield>
            <subfield code="0">http://rdaregistry.info/termList/RDACarrierType/1018</subfield>
        </datafield>
        <datafield tag="336" ind1=" " ind2=" ">
            <subfield code="a">tekst</subfield>
            <subfield code="0">http://rdaregistry.info/termList/RDAContentType/1020</subfield>
        </datafield>
        <datafield tag="337" ind1=" " ind2=" ">
            <subfield code="a">datamaskin</subfield>
            <subfield code="0">http://rdaregistry.info/termList/RDAMediaType/1003</subfield>
        </datafield>
        <datafield tag="338" ind1=" " ind2=" ">
            <subfield code="a">online ressurs</subfield>
            <subfield code="0">http://rdaregistry.info/termList/RDACarrierType/1018</subfield>
        </datafield>
        <datafield tag="347" ind1=" " ind2=" ">
            <subfield code="a">data file</subfield>
            <subfield code="2">rda</subfield>
        </datafield>
        <datafield tag="380" ind1=" " ind2=" ">
            <subfield code="a">Språkbasert verk</subfield>
            <subfield code="1">https://schema.nb.no/Bibliographic/Values/V1000</subfield>
        </datafield>
        <datafield tag="490" ind1="1" ind2=" ">
            <subfield code="a">Continuum Literary Studies Series</subfield>
        </datafield>
        <datafield tag="500" ind1=" " ind2=" ">
            <subfield code="a">Bibliographic Level Mode of Issuance: Monograph</subfield>
        </datafield>
        <datafield tag="504" ind1=" " ind2=" ">
            <subfield code="a">Includes bibliographical references and index</subfield>
        </datafield>
        <datafield tag="505" ind1="0" ind2=" ">
            <subfield code="a">A host of furious fancies -- Unconscious catastrophes -- Insane modernities -- Trauma, psychoanalysis, autobiography -- Contemporary psychopathies</subfield>
        </datafield>
        <datafield tag="505" ind1="0" ind2=" ">
            <subfield code="a">Acknowledgements -- Introduction -- 1. A Host of Furious Fancies -- 2. Unconscious Catastrophes -- 3. Insane Modernities -- 4.Trauma, Psychoanalysis, Autobiography -- 5. Contemporary Psychopathies -- Conclusion -- Notes -- Bibliography -- Index</subfield>
        </datafield>
        <datafield tag="530" ind1=" " ind2=" ">
            <subfield code="a">Also issued in print</subfield>
        </datafield>
        <datafield tag="546" ind1=" " ind2=" ">
            <subfield code="a">English</subfield>
        </datafield>
        <datafield tag="600" ind1="1" ind2="0">
            <subfield code="a">Ballard, J. G.</subfield>
            <subfield code="d">1930-2009</subfield>
            <subfield code="x">Criticism and interpretation</subfield>
            <subfield code="1">http://viaf.org/viaf/9842556</subfield>
        </datafield>
        <datafield tag="776" ind1=" " ind2=" ">
            <subfield code="z">1-4411-6195-3</subfield>
        </datafield>
        <datafield tag="776" ind1=" " ind2=" ">
            <subfield code="z">1-4725-1303-7</subfield>
        </datafield>
        <datafield tag="830" ind1=" " ind2="0">
            <subfield code="a">Continuum literary studies.</subfield>
        </datafield>
    </record>