
    <record>
        <leader>01136nam a22002773  4500</leader>
        <controlfield tag="001">6778489</controlfield>
        <controlfield tag="003">SE-LIBR</controlfield>
        <controlfield tag="008">011211s1985    xxu           000 0 eng c</controlfield>
        <datafield tag="020" ind1=" " ind2=" ">
            <subfield code="a">0-916732-83-5 (hft.)</subfield>
        </datafield>
        <datafield tag="020" ind1=" " ind2=" ">
            <subfield code="a">0-916732-84-3 (inb.)</subfield>
        </datafield>
        <datafield tag="100" ind1="1" ind2=" ">
            <subfield code="a">Brigg, Peter</subfield>
            <subfield code="d">1942-</subfield>
            <subfield code="1">http://viaf.org/viaf/115397340</subfield>
            <subfield code="4">http://rdaregistry.info/Elements/w/object/P10061</subfield>
        </datafield>
        <datafield tag="240" ind1=" " ind2=" ">
            <subfield code="a">J. G. Ballard</subfield>
            <subfield code="1">http://viaf.org/viaf/115397340/jgballard</subfield>
        </datafield>
        <datafield tag="245" ind1="0" ind2="0">
            <subfield code="a">J. G. Ballard /</subfield>
            <subfield code="c">Peter Brigg</subfield>
        </datafield>
        <datafield tag="260" ind1=" " ind2=" ">
            <subfield code="a">San Bernadino, Calif.,</subfield>
            <subfield code="c">1985</subfield>
        </datafield>
        <datafield tag="300" ind1=" " ind2=" ">
            <subfield code="a">138 s.</subfield>
        </datafield>
        <datafield tag="336" ind1=" " ind2=" ">
            <subfield code="a">tekst</subfield>
            <subfield code="0">http://rdaregistry.info/termList/RDAContentType/1020</subfield>
        </datafield>
        <datafield tag="337" ind1=" " ind2=" ">
            <subfield code="a">uformidlet</subfield>
            <subfield code="0">http://rdaregistry.info/termList/RDAMediaType/1007</subfield>
        </datafield>
        <datafield tag="338" ind1=" " ind2=" ">
            <subfield code="a">bind</subfield>
            <subfield code="0">http://rdaregistry.info/termList/RDACarrierType/1049</subfield>
        </datafield>
        <datafield tag="380" ind1=" " ind2=" ">
            <subfield code="a">Språkbasert verk</subfield>
            <subfield code="1">https://schema.nb.no/Bibliographic/Values/V1000</subfield>
        </datafield>
        <datafield tag="440" ind1=" " ind2="0">
            <subfield code="a">Starmont reader's guide,</subfield>
            <subfield code="x">0272-7730 ;</subfield>
            <subfield code="v">26</subfield>
        </datafield>
        <datafield tag="504" ind1=" " ind2=" ">
            <subfield code="a">Includes bibliographical references and index</subfield>
        </datafield>
        <datafield tag="600" ind1="1" ind2="4">
            <subfield code="5">La</subfield>
            <subfield code="a">Ballard, J. G.</subfield>
            <subfield code="1">http://viaf.org/viaf/9842556</subfield>
        </datafield>
    </record>