
    <record>
        <leader>02477cam a22005414i 4500</leader>
        <controlfield tag="001">011516440</controlfield>
        <controlfield tag="003">FI-MELINDA</controlfield>
        <controlfield tag="005">20220203170547.0</controlfield>
        <controlfield tag="008">171010s1992    fi |||||||||||||||f|fin||</controlfield>
        <datafield tag="020" ind1=" " ind2=" ">
            <subfield code="a">951-1-12228-2</subfield>
            <subfield code="q">sidottu</subfield>
        </datafield>
        <datafield tag="041" ind1="1" ind2=" ">
            <subfield code="a">fin</subfield>
            <subfield code="h">eng</subfield>
        </datafield>
        <datafield tag="080" ind1=" " ind2=" ">
            <subfield code="a">820</subfield>
            <subfield code="x">-3</subfield>
        </datafield>
        <datafield tag="080" ind1=" " ind2=" ">
            <subfield code="a">820</subfield>
            <subfield code="x">-31</subfield>
        </datafield>
        <datafield tag="100" ind1="1" ind2=" ">
            <subfield code="a">Ballard, J. G.</subfield>
            <subfield code="1">http://viaf.org/viaf/9842556</subfield>
            <subfield code="4">http://rdaregistry.info/Elements/w/object/P10061</subfield>
        </datafield>
        <datafield tag="240" ind1="1" ind2="4">
            <subfield code="a">The kindness of women</subfield>
            <subfield code="1">http://viaf.org/viaf/8009153289944232770002</subfield>
        </datafield>
        <datafield tag="245" ind1="1" ind2="0">
            <subfield code="a">Kiitos naisten /</subfield>
            <subfield code="c">J. G. Ballard ; suomentanut Juhani Lindholm.</subfield>
        </datafield>
        <datafield tag="260" ind1=" " ind2=" ">
            <subfield code="a">Helsingissä :</subfield>
            <subfield code="b">Otava,</subfield>
            <subfield code="c">1992.</subfield>
        </datafield>
        <datafield tag="300" ind1=" " ind2=" ">
            <subfield code="a">376 s. ;</subfield>
            <subfield code="c">22 cm</subfield>
        </datafield>
        <datafield tag="336" ind1=" " ind2=" ">
            <subfield code="a">teksti</subfield>
            <subfield code="b">txt</subfield>
            <subfield code="2">rdacontent</subfield>
            <subfield code="0">http://rdaregistry.info/termList/RDAContentType/1020</subfield>
        </datafield>
        <datafield tag="337" ind1=" " ind2=" ">
            <subfield code="a">käytettävissä ilman laitetta</subfield>
            <subfield code="b">n</subfield>
            <subfield code="2">rdamedia</subfield>
            <subfield code="0">http://rdaregistry.info/termList/RDAMediaType/1007</subfield>
        </datafield>
        <datafield tag="338" ind1=" " ind2=" ">
            <subfield code="a">nide</subfield>
            <subfield code="b">nc</subfield>
            <subfield code="2">rdacarrier</subfield>
            <subfield code="0">http://rdaregistry.info/termList/RDAContentType/1020</subfield>
        </datafield>
        <datafield tag="380" ind1=" " ind2=" ">
            <subfield code="a">Språkbasert verk</subfield>
            <subfield code="1">https://schema.nb.no/Bibliographic/Values/V1000</subfield>
        </datafield>
        <datafield tag="490" ind1=" " ind2="0">
            <subfield code="a">Otavan kirjasto</subfield>
        </datafield>
        <datafield tag="490" ind1="1" ind2=" ">
            <subfield code="a">Otavan kirjasto</subfield>
        </datafield>
        <datafield tag="515" ind1=" " ind2=" ">
            <subfield code="a">007539201.</subfield>
        </datafield>
        <datafield tag="583" ind1=" " ind2=" ">
            <subfield code="a">AUTOMATICALLY MERGED FROM (FI-MELINDA)009313543 + (FI-MELINDA)000466595</subfield>
            <subfield code="c">2017-10-10T05:11:56+03:00</subfield>
            <subfield code="5">MELINDA</subfield>
        </datafield>
        <datafield tag="700" ind1="1" ind2=" ">
            <subfield code="a">Lindholm, Juhani</subfield>
            <subfield code="0">(FI-ASTERI-N)000111549</subfield>
            <subfield code="4">trl</subfield>
            <subfield code="4">http://rdaregistry.info/Elements/e/object/P20037</subfield>
        </datafield>
        <datafield tag="830" ind1=" " ind2="0">
            <subfield code="a">Otavan kirjasto.</subfield>
        </datafield>
    </record>