
    <record>
        <leader>02007cam a22003734i 4500</leader>
        <controlfield tag="001">006083637</controlfield>
        <controlfield tag="003">FI-MELINDA</controlfield>
        <controlfield tag="005">20190704004058.0</controlfield>
        <controlfield tag="008">120927s2012    xxk      b    001 0 eng c</controlfield>
        <datafield tag="020" ind1=" " ind2=" ">
            <subfield code="a">978-0-230-27812-7</subfield>
            <subfield code="q">sidottu</subfield>
        </datafield>
        <datafield tag="041" ind1="0" ind2=" ">
            <subfield code="a">eng</subfield>
        </datafield>
        <datafield tag="082" ind1="0" ind2="0">
            <subfield code="a">823/.914</subfield>
            <subfield code="2">23</subfield>
        </datafield>
        <datafield tag="130" ind1="0" ind2="0">
            <subfield code="a">J. G. Ballard : Visions and Revisions</subfield>
            <subfield code="1">http://viaf.org/viaf/11777409/jgballardvisionsandrevisions</subfield>
        </datafield>
        <datafield tag="245" ind1="0" ind2="0">
            <subfield code="a">J. G. Ballard :</subfield>
            <subfield code="b">visions and revisions /</subfield>
            <subfield code="c">edited by Jeannette Baxter and Rowland Wymer.</subfield>
        </datafield>
        <datafield tag="260" ind1=" " ind2=" ">
            <subfield code="a">Houndmills, Basingstoke, Hampshire ;</subfield>
            <subfield code="a">New York :</subfield>
            <subfield code="b">Palgrave Macmillan,</subfield>
            <subfield code="c">2012.</subfield>
        </datafield>
        <datafield tag="300" ind1=" " ind2=" ">
            <subfield code="a">x, 255 pages ;</subfield>
            <subfield code="c">23 cm</subfield>
        </datafield>
        <datafield tag="336" ind1=" " ind2=" ">
            <subfield code="a">teksti</subfield>
            <subfield code="b">txt</subfield>
            <subfield code="2">rdacontent</subfield>
            <subfield code="0">http://rdaregistry.info/termList/RDAContentType/1020</subfield>
        </datafield>
        <datafield tag="337" ind1=" " ind2=" ">
            <subfield code="a">käytettävissä ilman laitetta</subfield>
            <subfield code="b">n</subfield>
            <subfield code="2">rdamedia</subfield>
            <subfield code="0">http://rdaregistry.info/termList/RDAMediaType/1007</subfield>
        </datafield>
        <datafield tag="338" ind1=" " ind2=" ">
            <subfield code="a">nide</subfield>
            <subfield code="b">nc</subfield>
            <subfield code="2">rdacarrier</subfield>
            <subfield code="0">http://rdaregistry.info/termList/RDAContentType/1020</subfield>
        </datafield>
        <datafield tag="380" ind1=" " ind2=" ">
            <subfield code="a">Språkbasert verk</subfield>
            <subfield code="1">https://schema.nb.no/Bibliographic/Values/V1000</subfield>
        </datafield>
        <datafield tag="504" ind1=" " ind2=" ">
            <subfield code="a">Includes bibliographical references and index.</subfield>
        </datafield>
        <datafield tag="600" ind1="1" ind2="4">
            <subfield code="a">Ballard, J. G.</subfield>
            <subfield code="x">Criticism and interpretation</subfield>
            <subfield code="1">http://viaf.org/viaf/9842556</subfield>
        </datafield>
        <datafield tag="700" ind1="1" ind2=" ">
            <subfield code="a">Baxter, Jeannette</subfield>
            <subfield code="4">edc</subfield>
            <subfield code="1">http://viaf.org/viaf/11777409</subfield>
        </datafield>
        <datafield tag="700" ind1="1" ind2=" ">
            <subfield code="a">Wymer, Rowland</subfield>
            <subfield code="4">edc</subfield>
            <subfield code="1">http://viaf.org/viaf/24709110</subfield>
        </datafield>
    </record>