
    <record>
        <leader>04776cam a22004097i 4500</leader>
        <controlfield tag="001">20750444</controlfield>
        <controlfield tag="003">SE-LIBR</controlfield>
        <controlfield tag="005">20181017115038.0</controlfield>
        <controlfield tag="008">170426t20172017enka||||||||||001 0|eng|d</controlfield>
        <datafield tag="020" ind1=" " ind2=" ">
            <subfield code="a">1474248616</subfield>
            <subfield code="q">(paperback)</subfield>
        </datafield>
        <datafield tag="020" ind1=" " ind2=" ">
            <subfield code="a">1474248624</subfield>
            <subfield code="q">(hardback)</subfield>
        </datafield>
        <datafield tag="020" ind1=" " ind2=" ">
            <subfield code="a">9781474248617</subfield>
            <subfield code="q">(paperback)</subfield>
        </datafield>
        <datafield tag="020" ind1=" " ind2=" ">
            <subfield code="a">9781474248624</subfield>
            <subfield code="q">(hardback)</subfield>
        </datafield>
        <datafield tag="041" ind1=" " ind2=" ">
            <subfield code="a">eng</subfield>
        </datafield>
        <datafield tag="082" ind1="0" ind2="4">
            <subfield code="a">809.38762</subfield>
            <subfield code="2">23</subfield>
        </datafield>
        <datafield tag="245" ind1="1" ind2="0">
            <subfield code="a">Science fiction criticism :</subfield>
            <subfield code="b">an anthology of essential writings /</subfield>
            <subfield code="c">edited by Rob Latham.</subfield>
        </datafield>
        <datafield tag="264" ind1=" " ind2="1">
            <subfield code="a">London :</subfield>
            <subfield code="b">Bloomsbury Academic, an imprint of Bloomsbury Publishing,</subfield>
            <subfield code="c">[2017]</subfield>
        </datafield>
        <datafield tag="264" ind1=" " ind2="4">
            <subfield code="c">©2017</subfield>
        </datafield>
        <datafield tag="300" ind1=" " ind2=" ">
            <subfield code="a">vii, 1 unnumbered page, 582 pages</subfield>
            <subfield code="b">illustrations</subfield>
            <subfield code="c">25 cm</subfield>
        </datafield>
        <datafield tag="336" ind1=" " ind2=" ">
            <subfield code="a">text</subfield>
            <subfield code="b">txt</subfield>
            <subfield code="2">rdacontent</subfield>
            <subfield code="0">http://rdaregistry.info/termList/RDAContentType/1020</subfield>
        </datafield>
        <datafield tag="337" ind1=" " ind2=" ">
            <subfield code="a">unmediated</subfield>
            <subfield code="b">n</subfield>
            <subfield code="2">rdamedia</subfield>
            <subfield code="0">http://rdaregistry.info/termList/RDAMediaType/1007</subfield>
        </datafield>
        <datafield tag="338" ind1=" " ind2=" ">
            <subfield code="a">volume</subfield>
            <subfield code="b">nc</subfield>
            <subfield code="2">rdacarrier</subfield>
            <subfield code="0">http://rdaregistry.info/termList/RDACarrierType/1049</subfield>
        </datafield>
        <datafield tag="340" ind1=" " ind2=" ">
            <subfield code="b">25 cm</subfield>
        </datafield>
        <datafield tag="504" ind1=" " ind2=" ">
            <subfield code="a">Includes bibliographical references and index</subfield>
        </datafield>
        <datafield tag="505" ind1="8" ind2=" ">
            <subfield code="a">Part 1: Definitions and boundaries. Editorial: a new sort of magazine / Hugo Gernsback -- Preface to the scientific romances / H.G. Wells -- On the writing of speculative fiction / Robert A. Heinlein -- Wat do you mean science? fiction? / Judith Merril -- Preface to mirrorshades: the cyberpunk anthology / Bruce Sterling -- Cybernetic deconstructions: cyberpunk and postmodernism / Veronica Hollinger -- The many deaths of science fiction: a polemic / Roger Luckhurst -- On defining sf, or not: genre theory, sf, and history / John Rieder -- Part 2: Structure and form. Which way to inner space? / J.G. Ballard -- About 5,750 words / Samuel R. Delany -- On the poetics of the science fiction genre / Darko Suvin -- The absent paradigm: An introduction to the semiotics of science fiction / Marc Angenot -- Reading sf as a mega-text / Damien Broderick -- Time travel and the mechanics of narrative / David Wittenberg -- Part 3: Ideology and the world view. Mutation or death! / John B. Michel -- The imagination of disaster / Susan Sontag -- The image of women in science fiction / Joanna Russ -- Progress versus Utopia: or, can we imagine the future? / Fredric Jameson -- Science fiction and critical theory / Carl Freedman -- Alien cryptographies: the view from queer / Wendy Pearson -- The women history doesn't see: recovering midcentury women's sf as a literature of social critique / Lisa Yaszek -- Part 4: The nonhuman. Author's introduction to Frankenstein / Mary Shelley -- The android and the human / Philip K. Dick -- A cyborg manifesto: Science, technology, and socialist feminism in the late twentieth century / Donna Haraway -- Virtual bodies and flickering signifiers / N. Katherine Hayles -- The coming technological singularity: how to survive in a post-human era / Vernor Vinge -- Aliens in the fourth dimension / Gwyneth Jones -- Technofetishism and the uncanny desires of A.S.F.R. (alt.sex.fetish.robots) / Alison de Fren -- Animal alterity: Science fiction and human-animal studies / Sherryl Vint -- Part 5: Race and the legacy of colonialism. Science fiction and empire / Istvan Csicsery-Ronay, Jr. -- Further considerations on Afrofuturism / Kodwo Eshun -- Indigenous scientific literacies in Nalo Hopkinson's ceremonial worlds / Grace L. Dillon -- Biotic invasions: Ecological imperialism in new wave science fiction / Rob Latham -- Alien/Asian: Imagining the racialized future / Stephen Hong Sohn -- Report from Planet Midnight / Nalo Hopkinson -- Future histories and cyborg labor: reading borderlands science fiction after NAFTA / Lyssa Rivera.</subfield>
        </datafield>
        <datafield tag="520" ind1=" " ind2=" ">
            <subfield code="a">"Including more than 30 essential works of science fiction criticism in a single volume, this is a comprehensive introduction to the study of this enduringly popular genre. Science fiction criticism: an anthology of essential writing covers such topics as: Definitions and boundaries of the genre, the many forms of science fiction, from time travel to"inner space", ideology and identity: from utopian fantasy to feminist, queer and environmental readings, The non-human: androids, aliens, cyborgs, and animals, race and the legacy of colonialism"--Cover page 4.</subfield>
        </datafield>
        <datafield tag="700" ind1="1" ind2=" ">
            <subfield code="a">Latham, Rob</subfield>
            <subfield code="d">1959-</subfield>
            <subfield code="e">editor</subfield>
            <subfield code="4">edt</subfield>
            <subfield code="4">http://rdaregistry.info/Elements/m/object/P30267</subfield>
        </datafield>
    </record>