
    <record>
        <leader>03048cam a22004337a 4500</leader>
        <controlfield tag="001">12095941</controlfield>
        <controlfield tag="003">SE-LIBR</controlfield>
        <controlfield tag="005">20160413203452.0</controlfield>
        <controlfield tag="008">110216s2010    xxk||||||6||||000 j|eng| </controlfield>
        <datafield tag="016" ind1="7" ind2=" ">
            <subfield code="a">015578907</subfield>
            <subfield code="2">Uk</subfield>
        </datafield>
        <datafield tag="020" ind1=" " ind2=" ">
            <subfield code="a">1902197291</subfield>
            <subfield code="q">(pbk.)</subfield>
        </datafield>
        <datafield tag="020" ind1=" " ind2=" ">
            <subfield code="a">9781902197296</subfield>
            <subfield code="q">(pbk.)</subfield>
        </datafield>
        <datafield tag="041" ind1=" " ind2=" ">
            <subfield code="a">eng</subfield>
        </datafield>
        <datafield tag="082" ind1="0" ind2="4">
            <subfield code="a">813.0876608054</subfield>
            <subfield code="2">23</subfield>
        </datafield>
        <datafield tag="245" ind1="0" ind2="4">
            <subfield code="a">The starry wisdom :</subfield>
            <subfield code="b">[a tribute to H.P. Lovecraft] /</subfield>
            <subfield code="c">D.M. Mitchell (editor) ; Alan Moore, &amp; others.</subfield>
        </datafield>
        <datafield tag="250" ind1=" " ind2=" ">
            <subfield code="a">[New ed.].</subfield>
        </datafield>
        <datafield tag="264" ind1=" " ind2="1">
            <subfield code="a">[Telford] :</subfield>
            <subfield code="b">Creation Oneiros,</subfield>
            <subfield code="c">2010</subfield>
        </datafield>
        <datafield tag="300" ind1=" " ind2=" ">
            <subfield code="a">214 pages</subfield>
            <subfield code="b">illustrations</subfield>
            <subfield code="c">26 cm</subfield>
        </datafield>
        <datafield tag="336" ind1=" " ind2=" ">
            <subfield code="a">text</subfield>
            <subfield code="b">txt</subfield>
            <subfield code="2">rdacontent</subfield>
            <subfield code="0">http://rdaregistry.info/termList/RDAContentType/1020</subfield>
        </datafield>
        <datafield tag="337" ind1=" " ind2=" ">
            <subfield code="a">unmediated</subfield>
            <subfield code="b">n</subfield>
            <subfield code="2">rdamedia</subfield>
            <subfield code="0">http://rdaregistry.info/termList/RDAMediaType/1007</subfield>
        </datafield>
        <datafield tag="338" ind1=" " ind2=" ">
            <subfield code="a">volume</subfield>
            <subfield code="b">nc</subfield>
            <subfield code="2">rdacarrier</subfield>
            <subfield code="0">http://rdaregistry.info/termList/RDACarrierType/1049</subfield>
        </datafield>
        <datafield tag="340" ind1=" " ind2=" ">
            <subfield code="b">26 cm</subfield>
        </datafield>
        <datafield tag="380" ind1=" " ind2=" ">
            <subfield code="a">Comic or graphic novel</subfield>
        </datafield>
        <datafield tag="380" ind1=" " ind2=" ">
            <subfield code="a">Short story</subfield>
        </datafield>
        <datafield tag="500" ind1=" " ind2=" ">
            <subfield code="a">Previous edition: London: Creation Books, 1994.</subfield>
        </datafield>
        <datafield tag="505" ind1="8" ind2=" ">
            <subfield code="r">by Ramset Campbell --</subfield>
            <subfield code="g">Introduction /</subfield>
            <subfield code="g">Foreword /</subfield>
            <subfield code="t">Recognition /</subfield>
            <subfield code="r">by Alan Moore --</subfield>
            <subfield code="t">Lovecraft in heaven /</subfield>
            <subfield code="r">by Grant Morrison --</subfield>
            <subfield code="t">Extracted from the mouth of the consumer, rotting pig /</subfield>
            <subfield code="r">by Michael Gira --</subfield>
            <subfield code="t">Wind die you die we die /</subfield>
            <subfield code="r">by William S. Burroughs --</subfield>
            <subfield code="t">The night sea-maid went down /</subfield>
            <subfield code="r">by Brian Lumley --</subfield>
            <subfield code="t">A thousand young /</subfield>
            <subfield code="r">by Robert M. Price --</subfield>
            <subfield code="t">Hypothetical materfamilias /</subfield>
            <subfield code="r">by Adele Olivia Gladwell --</subfield>
            <subfield code="t">Teenage timberwolves: black dead bones of idiot Bill /</subfield>
            <subfield code="r">by James Havoc &amp; Daniele Serra --</subfield>
            <subfield code="t">Prisioner of the coral deep /</subfield>
            <subfield code="r">by J.G. Ballard --</subfield>
            <subfield code="t">Black static /</subfield>
            <subfield code="r">by David Conway --</subfield>
            <subfield code="t">Potential /</subfield>
            <subfield code="r">by Ramsey Campbell --</subfield>
            <subfield code="t">Walpurgisnachtmusik /</subfield>
            <subfield code="r">by Simon Whitechapel --</subfield>
            <subfield code="t">This exquisite corpse /</subfield>
            <subfield code="r">by C.G. Brandrick &amp; D.M. Mitchell --</subfield>
            <subfield code="t">The call of Cthulhu /</subfield>
            <subfield code="r">by John Coulthart &amp; H.P. Lovecraft --</subfield>
            <subfield code="t">The courtyard /</subfield>
            <subfield code="r">by Alan Moore --</subfield>
            <subfield code="t">From this swamp /</subfield>
            <subfield code="r">by Henry Wessells --</subfield>
            <subfield code="t">Red mass /</subfield>
            <subfield code="r">by Dan Kellett --</subfield>
            <subfield code="t">Meltdown /</subfield>
            <subfield code="r">by D.F. Lewis --</subfield>
            <subfield code="t">The sound of a door opening /</subfield>
            <subfield code="r">by Don Webb --</subfield>
            <subfield code="t">Beyond reflection /</subfield>
            <subfield code="r">by John Beal --</subfield>
            <subfield code="t">The dreamers in darkness /</subfield>
            <subfield code="r">by Peter Smith --</subfield>
            <subfield code="t">Sex-invocation of the great old ones (23 nails) /</subfield>
            <subfield code="r">by Stephen Sennitt --</subfield>
            <subfield code="t">Zaman's hill /</subfield>
            <subfield code="r">by Alan Moore --</subfield>
            <subfield code="t">Ward 23 /</subfield>
            <subfield code="r">by D.M. Mitchell --</subfield>
            <subfield code="t">Cthulhu madness /</subfield>
            <subfield code="r">by Phil Hine --</subfield>
            <subfield code="t">Reluctant prophet /</subfield>
            <subfield code="r">by Stephen Sennitt --</subfield>
            <subfield code="t">Fractals, stars and nyarlathotep /</subfield>
            <subfield code="r">by John Beal.</subfield>
        </datafield>
        <datafield tag="600" ind1="1" ind2=" ">
            <subfield code="a">Lovecraft, H. P.</subfield>
            <subfield code="q">(Howard Phillips)</subfield>
            <subfield code="d">1890-1937.</subfield>
            <subfield code="1">Lovecraft, H. P.</subfield>
        </datafield>
        <datafield tag="700" ind1="1" ind2=" ">
            <subfield code="a">Mitchell, D. M.</subfield>
            <subfield code="4">edt</subfield>
            <subfield code="4">edc</subfield>
            <subfield code="4">http://rdaregistry.info/Elements/m/object/P30267</subfield>
        </datafield>
    </record>