
    <record>
        <leader>01044cam a22002534i 4500</leader>
        <controlfield tag="001">007157600</controlfield>
        <controlfield tag="003">FI-MELINDA</controlfield>
        <controlfield tag="005">20180226131127.0</controlfield>
        <controlfield tag="008">071112s2007    xxk|||||||||| ||||f|eng|c</controlfield>
        <datafield tag="020" ind1=" " ind2=" ">
            <subfield code="a">978-0-00-723247-5</subfield>
            <subfield code="q">nidottu</subfield>
        </datafield>
        <datafield tag="024" ind1="8" ind2=" ">
            <subfield code="a">A1124632</subfield>
        </datafield>
        <datafield tag="041" ind1="0" ind2=" ">
            <subfield code="a">eng</subfield>
        </datafield>
        <datafield tag="100" ind1="1" ind2=" ">
            <subfield code="a">Ballard, J. G.</subfield>
            <subfield code="1">http://viaf.org/viaf/9842556</subfield>
            <subfield code="4">http://rdaregistry.info/Elements/w/object/P10061</subfield>
        </datafield>
        <datafield tag="240" ind1="1" ind2="0">
            <subfield code="a">Kingdom Come</subfield>
            <subfield code="1">http://viaf.org/viaf/3952163159958701640003</subfield>
        </datafield>
        <datafield tag="245" ind1="1" ind2="0">
            <subfield code="a">Kingdom come /</subfield>
            <subfield code="c">J. G. Ballard.</subfield>
        </datafield>
        <datafield tag="260" ind1=" " ind2=" ">
            <subfield code="a">London :</subfield>
            <subfield code="b">Harper Perennial,</subfield>
            <subfield code="c">2007.</subfield>
        </datafield>
        <datafield tag="300" ind1=" " ind2=" ">
            <subfield code="a">280 s. ;</subfield>
            <subfield code="c">20 cm</subfield>
        </datafield>
        <datafield tag="336" ind1=" " ind2=" ">
            <subfield code="a">teksti</subfield>
            <subfield code="b">txt</subfield>
            <subfield code="2">rdacontent</subfield>
            <subfield code="0">http://rdaregistry.info/termList/RDAContentType/1020</subfield>
        </datafield>
        <datafield tag="337" ind1=" " ind2=" ">
            <subfield code="a">käytettävissä ilman laitetta</subfield>
            <subfield code="b">n</subfield>
            <subfield code="2">rdamedia</subfield>
            <subfield code="0">http://rdaregistry.info/termList/RDAMediaType/1007</subfield>
        </datafield>
        <datafield tag="338" ind1=" " ind2=" ">
            <subfield code="a">nide</subfield>
            <subfield code="b">nc</subfield>
            <subfield code="2">rdacarrier</subfield>
            <subfield code="0">http://rdaregistry.info/termList/RDAContentType/1020</subfield>
        </datafield>
        <datafield tag="380" ind1=" " ind2=" ">
            <subfield code="a">Språkbasert verk</subfield>
            <subfield code="1">https://schema.nb.no/Bibliographic/Values/V1000</subfield>
        </datafield>
    </record>