
    <record>
        <leader>01347nam a2200289 c 4500</leader>
        <controlfield tag="001">949081086</controlfield>
        <controlfield tag="003">DE-101</controlfield>
        <controlfield tag="005">20171203004431.0</controlfield>
        <controlfield tag="007">tu</controlfield>
        <controlfield tag="008">961114s1996    gw ||||| |||| 00||||ger  </controlfield>
        <datafield tag="016" ind1="7" ind2=" ">
            <subfield code="2">DE-101</subfield>
            <subfield code="a">949081086</subfield>
        </datafield>
        <datafield tag="020" ind1=" " ind2=" ">
            <subfield code="a">3924959374</subfield>
            <subfield code="c">Gewebe : DM 88.00</subfield>
            <subfield code="9">3-924959-37-4</subfield>
        </datafield>
        <datafield tag="020" ind1=" " ind2=" ">
            <subfield code="a">9783924959371</subfield>
            <subfield code="c">Gewebe : DM 88.00</subfield>
            <subfield code="9">978-3-924959-37-1</subfield>
        </datafield>
        <datafield tag="020" ind1=" " ind2=" ">
            <subfield code="z">3429959374</subfield>
            <subfield code="c">Gewebe : DM 88.00</subfield>
            <subfield code="9">3-429959-37-4</subfield>
        </datafield>
        <datafield tag="041" ind1=" " ind2=" ">
            <subfield code="a">ger</subfield>
            <subfield code="h">eng</subfield>
        </datafield>
        <datafield tag="100" ind1="1" ind2=" ">
            <subfield code="0">(DE-588)118656929</subfield>
            <subfield code="0">https://d-nb.info/gnd/118656929</subfield>
            <subfield code="0">(DE-101)118656929</subfield>
            <subfield code="a">Ballard, J. G.</subfield>
            <subfield code="d">1930-2009</subfield>
            <subfield code="e">Verfasser</subfield>
            <subfield code="4">aut</subfield>
            <subfield code="2">gnd</subfield>
            <subfield code="1">http://viaf.org/viaf/9842556</subfield>
            <subfield code="4">http://rdaregistry.info/Elements/w/object/P10061</subfield>
        </datafield>
        <datafield tag="240" ind1="1" ind2="0">
            <subfield code="a">Rushing to paradise</subfield>
            <subfield code="1">http://viaf.org/viaf/1313145424719986830495</subfield>
        </datafield>
        <datafield tag="245" ind1="1" ind2="0">
            <subfield code="a">Stürmt das Paradies!</subfield>
            <subfield code="c">J. G. Ballard. Aus dem Engl. von Bernhard Riettz</subfield>
        </datafield>
        <datafield tag="264" ind1=" " ind2="1">
            <subfield code="a">Bellheim</subfield>
            <subfield code="b">Ed. Phantasia</subfield>
            <subfield code="c">1996</subfield>
        </datafield>
        <datafield tag="300" ind1=" " ind2=" ">
            <subfield code="a">315 S.</subfield>
            <subfield code="c">20 cm</subfield>
        </datafield>
        <datafield tag="336" ind1=" " ind2=" ">
            <subfield code="a">Text</subfield>
            <subfield code="b">txt</subfield>
            <subfield code="2">rdacontent</subfield>
            <subfield code="0">http://rdaregistry.info/termList/RDAContentType/1020</subfield>
        </datafield>
        <datafield tag="337" ind1=" " ind2=" ">
            <subfield code="a">ohne Hilfsmittel zu benutzen</subfield>
            <subfield code="b">n</subfield>
            <subfield code="2">rdamedia</subfield>
            <subfield code="0">http://rdaregistry.info/termList/RDAMediaType/1007</subfield>
        </datafield>
        <datafield tag="338" ind1=" " ind2=" ">
            <subfield code="a">Band</subfield>
            <subfield code="b">nc</subfield>
            <subfield code="2">rdacarrier</subfield>
            <subfield code="0">http://rdaregistry.info/termList/RDACarrierType/1049</subfield>
        </datafield>
    </record>