
    <record>
        <leader>06802cam a22008417a 4500</leader>
        <controlfield tag="001">18133018</controlfield>
        <controlfield tag="003">SE-LIBR</controlfield>
        <controlfield tag="005">20181030230000.0</controlfield>
        <controlfield tag="008">150713s2012    xxu||||e|bq|||000 j|eng| </controlfield>
        <datafield tag="020" ind1=" " ind2=" ">
            <subfield code="a">1597804541</subfield>
        </datafield>
        <datafield tag="020" ind1=" " ind2=" ">
            <subfield code="a">9781597804547</subfield>
        </datafield>
        <datafield tag="041" ind1=" " ind2=" ">
            <subfield code="a">eng</subfield>
        </datafield>
        <datafield tag="082" ind1="0" ind2="4">
            <subfield code="a">808.3/8738</subfield>
            <subfield code="2">23</subfield>
        </datafield>
        <datafield tag="245" ind1="0" ind2="0">
            <subfield code="a">Brave new worlds :</subfield>
            <subfield code="b">dystopian stories /</subfield>
            <subfield code="c">edited by John Joseph Adams.</subfield>
        </datafield>
        <datafield tag="250" ind1=" " ind2=" ">
            <subfield code="a">2nd ed.</subfield>
        </datafield>
        <datafield tag="264" ind1=" " ind2="1">
            <subfield code="a">San Francisco, Calif.</subfield>
            <subfield code="b">Night Shade Books,</subfield>
            <subfield code="c">2012</subfield>
        </datafield>
        <datafield tag="300" ind1=" " ind2=" ">
            <subfield code="a">525 pages</subfield>
            <subfield code="c">23 cm.</subfield>
        </datafield>
        <datafield tag="336" ind1=" " ind2=" ">
            <subfield code="a">text</subfield>
            <subfield code="b">txt</subfield>
            <subfield code="2">rdacontent</subfield>
            <subfield code="0">http://rdaregistry.info/termList/RDAContentType/1020</subfield>
        </datafield>
        <datafield tag="337" ind1=" " ind2=" ">
            <subfield code="a">unmediated</subfield>
            <subfield code="b">n</subfield>
            <subfield code="2">rdamedia</subfield>
            <subfield code="0">http://rdaregistry.info/termList/RDAMediaType/1007</subfield>
        </datafield>
        <datafield tag="338" ind1=" " ind2=" ">
            <subfield code="a">volume</subfield>
            <subfield code="b">nc</subfield>
            <subfield code="2">rdacarrier</subfield>
            <subfield code="0">http://rdaregistry.info/termList/RDACarrierType/1049</subfield>
        </datafield>
        <datafield tag="340" ind1=" " ind2=" ">
            <subfield code="b">23 cm.</subfield>
        </datafield>
        <datafield tag="380" ind1=" " ind2=" ">
            <subfield code="a">Filmography</subfield>
        </datafield>
        <datafield tag="380" ind1=" " ind2=" ">
            <subfield code="a">Short story</subfield>
        </datafield>
        <datafield tag="505" ind1="8" ind2=" ">
            <subfield code="a">Contents note continued: The minority report / Philip K. Dick -- Just do it / Heather Lindsley -- Harrison Bergeron / Kurt Vonnegut, Jr. -- Caught in the organ draft / Robert Silverberg -- Geriatric ward / Orson Scott Card -- Arties aren't stupid / Jeremiah Tolbert -- Jordan's waterhammer / Joe Mastroianni -- Of a sweet slow dance in the wake of temporary dogs / Adam-Troy Castro -- Resistance / Tobias S. Buckell -- Civilization / Vylar Kaftan -- Editor's note on second edition material -- The cull / Robert Reed -- Personal Jesus / Jennifer Pelland -- The perfect match / Ken Liu -- Study Guide and filmography / Gary K. Wolfe.</subfield>
        </datafield>
        <datafield tag="505" ind1="8" ind2=" ">
            <subfield code="a">The lottery / Shirley Jackson -- Red card / S.L. Gilbow -- Ten with a flag / Joseph Paul Haines -- The ones who walk away from Omelas / Ursula K. Le Guin -- Evidence of love in a case of abandonment / M. Rickert -- The funeral / Kate Wilhelm -- O happy day! / Geoff Ryman -- Pervert / Charles Coleman Finlay -- From homogenous to honey / Bryan Talbot -- Billenium / J.G. Ballard -- Amaryllis / Carrie Vaughn -- Pop squad / Paolo Bacigalupi -- Auspicious eggs / James Morrow -- Peter Skilling / Alex Irvine -- The pedestrian / Ray Bradbury -- The things that make me weak and strange get engineered away / Cory Doctorow -- The pearl diver / Caitlin R. Kiernan -- Dead space for the unexpected / Geoff Ryman -- "Repent, Harlequin!" said the Ticktockman / Harlan Ellison -- Is this your day to join the revolution? / Genevieve Valentine -- Independence Day / Sarah Langan -- The lunatics / Kim Stanley Robinson -- Sacrament / Matt Williamson --.</subfield>
        </datafield>
        <datafield tag="520" ind1=" " ind2=" ">
            <subfield code="a">Collects short stories on civilization invading and dictating citizens lives, from authors including Kate Wilhelm, Philip K. Dick, J.G. Ballard, and Sarah Langan.</subfield>
        </datafield>
        <datafield tag="700" ind1="1" ind2=" ">
            <subfield code="a">Adams, John Joseph</subfield>
            <subfield code="d">1976-</subfield>
            <subfield code="4">aui</subfield>
            <subfield code="4">edt</subfield>
            <subfield code="4">http://rdaregistry.info/Elements/m/object/P30267</subfield>
        </datafield>
        <datafield tag="700" ind1="0" ind2="2">
            <subfield code="a">Dick, Philip K.</subfield>
            <subfield code="t">The minority report</subfield>
            <subfield code="1">http://www.isfdb.org/cgi-bin/title.cgi?58214</subfield>
        </datafield>
        <datafield tag="700" ind1="0" ind2="2">
            <subfield code="a">Lindsley, Heather</subfield>
            <subfield code="t">Just do it</subfield>
            <subfield code="1">http://www.isfdb.org/cgi-bin/title.cgi?803121</subfield>
        </datafield>
        <datafield tag="700" ind1="0" ind2="2">
            <subfield code="a">Kurt Vonnegut, Jr</subfield>
            <subfield code="t">Harrison Bergeron</subfield>
            <subfield code="1">http://www.isfdb.org/cgi-bin/title.cgi?41335</subfield>
        </datafield>
        <datafield tag="700" ind1="0" ind2="2">
            <subfield code="a">Silverberg, Robert</subfield>
            <subfield code="t">Caught in the organ draft</subfield>
            <subfield code="1">http://www.isfdb.org/cgi-bin/title.cgi?58604</subfield>
        </datafield>
        <datafield tag="700" ind1="0" ind2="2">
            <subfield code="a">Card, Orson Scott</subfield>
            <subfield code="t">Geriatric ward</subfield>
            <subfield code="1">http://www.isfdb.org/cgi-bin/title.cgi?66001</subfield>
        </datafield>
        <datafield tag="700" ind1="0" ind2="2">
            <subfield code="a">Tolbert, Jeremiah</subfield>
            <subfield code="t">Arties aren't stupid</subfield>
            <subfield code="1">http://www.isfdb.org/cgi-bin/title.cgi?900055</subfield>
        </datafield>
        <datafield tag="700" ind1="0" ind2="2">
            <subfield code="a">Mastroianni, Joe</subfield>
            <subfield code="t">Jordan's waterhammer</subfield>
            <subfield code="1">http://www.isfdb.org/cgi-bin/title.cgi?89492</subfield>
        </datafield>
        <datafield tag="700" ind1="0" ind2="2">
            <subfield code="a">Castro, Adam-Troy</subfield>
            <subfield code="t">Of a sweet slow dance in the wake of temporary dogs</subfield>
            <subfield code="1">http://www.isfdb.org/cgi-bin/title.cgi?287611</subfield>
        </datafield>
        <datafield tag="700" ind1="0" ind2="2">
            <subfield code="a">Buckell, Tobias S.</subfield>
            <subfield code="t">Resistance</subfield>
            <subfield code="1">http://www.isfdb.org/cgi-bin/title.cgi?900058</subfield>
        </datafield>
        <datafield tag="700" ind1="0" ind2="2">
            <subfield code="a">Kaftan, Vylar</subfield>
            <subfield code="t">Civilization</subfield>
            <subfield code="1">http://www.isfdb.org/cgi-bin/title.cgi?469991</subfield>
        </datafield>
        <datafield tag="700" ind1="0" ind2="2">
            <subfield code="a">Reed, Robert</subfield>
            <subfield code="t">The cull</subfield>
            <subfield code="1">http://www.isfdb.org/cgi-bin/title.cgi?1166985</subfield>
        </datafield>
        <datafield tag="700" ind1="0" ind2="2">
            <subfield code="a">Pelland, Jennifer</subfield>
            <subfield code="t">Personal Jesus</subfield>
            <subfield code="1">http://www.isfdb.org/cgi-bin/title.cgi?1153627</subfield>
        </datafield>
        <datafield tag="700" ind1="0" ind2="2">
            <subfield code="a">Liu, Ken</subfield>
            <subfield code="t">The perfect match</subfield>
            <subfield code="1">http://www.isfdb.org/cgi-bin/title.cgi?1527813</subfield>
        </datafield>
        <datafield tag="700" ind1="0" ind2="2">
            <subfield code="a">Wolfe, Gary K.</subfield>
            <subfield code="t">Study Guide and filmography</subfield>
            <subfield code="1">http://www.isfdb.org/cgi-bin/title.cgi?1527814</subfield>
        </datafield>
        <datafield tag="505" ind1=" " ind2="2">
            <subfield code="a">The lottery / Shirley Jackson</subfield>
            <subfield code="1">http://www.isfdb.org/cgi-bin/title.cgi?41194</subfield>
        </datafield>
        <datafield tag="700" ind1="0" ind2="2">
            <subfield code="a">Gilbow, S.L.</subfield>
            <subfield code="t">Red card</subfield>
            <subfield code="1">http://www.isfdb.org/cgi-bin/title.cgi?256651</subfield>
        </datafield>
        <datafield tag="700" ind1="0" ind2="2">
            <subfield code="a">Haines, Joseph Paul</subfield>
            <subfield code="t">Ten with a flag</subfield>
            <subfield code="1">http://www.isfdb.org/cgi-bin/title.cgi?1113993</subfield>
        </datafield>
        <datafield tag="700" ind1="0" ind2="2">
            <subfield code="a">Guin, Ursula K. Le</subfield>
            <subfield code="t">The ones who walk away from Omelas</subfield>
            <subfield code="1">http://www.isfdb.org/cgi-bin/title.cgi?58836</subfield>
        </datafield>
        <datafield tag="700" ind1="0" ind2="2">
            <subfield code="a">Rickert, M.</subfield>
            <subfield code="t">Evidence of love in a case of abandonment</subfield>
            <subfield code="1">http://www.isfdb.org/cgi-bin/title.cgi?928630</subfield>
        </datafield>
        <datafield tag="700" ind1="0" ind2="2">
            <subfield code="a">Wilhelm, Kate</subfield>
            <subfield code="t">The funeral</subfield>
            <subfield code="1">http://www.isfdb.org/cgi-bin/title.cgi?41380</subfield>
        </datafield>
        <datafield tag="700" ind1="0" ind2="2">
            <subfield code="a">Ryman, Geoff</subfield>
            <subfield code="t">O happy day!</subfield>
            <subfield code="1">http://www.isfdb.org/cgi-bin/title.cgi?57409</subfield>
        </datafield>
        <datafield tag="700" ind1="0" ind2="2">
            <subfield code="a">Finlay, Charles Coleman</subfield>
            <subfield code="t">Pervert</subfield>
            <subfield code="1">http://www.isfdb.org/cgi-bin/title.cgi?282011</subfield>
        </datafield>
        <datafield tag="700" ind1="0" ind2="2">
            <subfield code="a">Talbot, Bryan</subfield>
            <subfield code="t">From homogenous to honey</subfield>
            <subfield code="1">http://www.isfdb.org/cgi-bin/title.cgi?1033229</subfield>
        </datafield>
        <datafield tag="700" ind1="0" ind2="2">
            <subfield code="a">Ballard, J. G.</subfield>
            <subfield code="d">1930-2009</subfield>
            <subfield code="t">Billenium</subfield>
            <subfield code="1">http://www.isfdb.org/cgi-bin/title.cgi?65075</subfield>
        </datafield>
        <datafield tag="700" ind1="0" ind2="2">
            <subfield code="a">Vaughn, Carrie</subfield>
            <subfield code="t">Amaryllis</subfield>
            <subfield code="1">http://www.isfdb.org/cgi-bin/title.cgi?1130710</subfield>
        </datafield>
        <datafield tag="700" ind1="0" ind2="2">
            <subfield code="a">Bacigalupi, Paolo</subfield>
            <subfield code="t">Pop squad</subfield>
            <subfield code="1">http://www.isfdb.org/cgi-bin/title.cgi?299431</subfield>
        </datafield>
        <datafield tag="700" ind1="0" ind2="2">
            <subfield code="a">Morrow, James</subfield>
            <subfield code="t">Auspicious eggs</subfield>
            <subfield code="1">http://www.isfdb.org/cgi-bin/title.cgi?100153</subfield>
        </datafield>
        <datafield tag="700" ind1="0" ind2="2">
            <subfield code="a">Irvine, Alex</subfield>
            <subfield code="t">Peter Skilling</subfield>
            <subfield code="1">http://www.isfdb.org/cgi-bin/title.cgi?1205713</subfield>
        </datafield>
        <datafield tag="700" ind1="0" ind2="2">
            <subfield code="a">Bradbury, Ray</subfield>
            <subfield code="t">The pedestrian</subfield>
            <subfield code="1">http://www.isfdb.org/cgi-bin/title.cgi?56011</subfield>
        </datafield>
        <datafield tag="700" ind1="0" ind2="2">
            <subfield code="a">Doctorow, Cory</subfield>
            <subfield code="t">The things that make me weak and strange get engineered away</subfield>
            <subfield code="1">http://www.isfdb.org/cgi-bin/title.cgi?1072283</subfield>
        </datafield>
        <datafield tag="700" ind1="0" ind2="2">
            <subfield code="a">Kiernan, Caitlin R.</subfield>
            <subfield code="t">The pearl diver</subfield>
            <subfield code="1">http://www.isfdb.org/cgi-bin/title.cgi?870948</subfield>
        </datafield>
        <datafield tag="700" ind1="0" ind2="2">
            <subfield code="a">Ryman, Geoff</subfield>
            <subfield code="t">Dead space for the unexpected</subfield>
            <subfield code="1">http://www.isfdb.org/cgi-bin/title.cgi?40570</subfield>
        </datafield>
        <datafield tag="700" ind1="0" ind2="2">
            <subfield code="a">Ellison, Harlan</subfield>
            <subfield code="t">"Repent, Harlequin!" said the Ticktockman</subfield>
            <subfield code="1">http://www.isfdb.org/cgi-bin/title.cgi?41692</subfield>
        </datafield>
        <datafield tag="700" ind1="0" ind2="2">
            <subfield code="a">Valentine, Genevieve</subfield>
            <subfield code="t">Is this your day to join the revolution?</subfield>
            <subfield code="1">http://www.isfdb.org/cgi-bin/title.cgi?1205719</subfield>
        </datafield>
        <datafield tag="700" ind1="0" ind2="2">
            <subfield code="a">Langan, Sarah</subfield>
            <subfield code="t">Independence Day</subfield>
            <subfield code="1">http://www.isfdb.org/cgi-bin/title.cgi?1130696</subfield>
        </datafield>
        <datafield tag="700" ind1="0" ind2="2">
            <subfield code="a">Robinson, Kim Stanley</subfield>
            <subfield code="t">The lunatics</subfield>
            <subfield code="1">http://www.isfdb.org/cgi-bin/title.cgi?42470</subfield>
        </datafield>
        <datafield tag="700" ind1="0" ind2="2">
            <subfield code="a">Williamson, Matt</subfield>
            <subfield code="t">Sacrament</subfield>
            <subfield code="1">http://www.isfdb.org/cgi-bin/title.cgi?1205722</subfield>
        </datafield>
    </record>