
    <record>
        <leader>02061cam a2200349 c 4500</leader>
        <controlfield tag="001">990811140954702201</controlfield>
        <controlfield tag="003">BIBSYS</controlfield>
        <controlfield tag="005">20220428040132.0</controlfield>
        <controlfield tag="007">ta</controlfield>
        <controlfield tag="008">150831s2008    xx |||||||||||000|f|eng|d</controlfield>
        <datafield tag="020" ind1=" " ind2=" ">
            <subfield code="a">0007268416</subfield>
        </datafield>
        <datafield tag="020" ind1=" " ind2=" ">
            <subfield code="a">9780007268412</subfield>
            <subfield code="q">h.</subfield>
        </datafield>
        <datafield tag="020" ind1=" " ind2=" ">
            <subfield code="a">9780007341900</subfield>
            <subfield code="q">h.</subfield>
        </datafield>
        <datafield tag="082" ind1="0" ind2="4">
            <subfield code="a">813.54</subfield>
            <subfield code="2">23/nor</subfield>
        </datafield>
        <datafield tag="100" ind1="1" ind2=" ">
            <subfield code="a">Burroughs, William S.</subfield>
            <subfield code="d">1914-1997</subfield>
            <subfield code="q">(William Seward)</subfield>
            <subfield code="0">(NO-TrBIB)90081851</subfield>
            <subfield code="1">http://viaf.org/viaf/108916275</subfield>
            <subfield code="4">http://rdaregistry.info/Elements/w/object/P10061</subfield>
        </datafield>
        <datafield tag="240" ind1="1" ind2=" ">
            <subfield code="a">Naked lunch</subfield>
            <subfield code="1">http://viaf.org/viaf/178436556</subfield>
        </datafield>
        <datafield tag="245" ind1="1" ind2="0">
            <subfield code="a">Naked lunch :</subfield>
            <subfield code="b">the restored text edited by James Grauerholz and Barry Miles</subfield>
            <subfield code="c">William S. Burroughs; with an introduction by J.G. Ballard</subfield>
        </datafield>
        <datafield tag="260" ind1=" " ind2=" ">
            <subfield code="a">London</subfield>
            <subfield code="b">HarperPerennial</subfield>
            <subfield code="c">2008</subfield>
        </datafield>
        <datafield tag="300" ind1=" " ind2=" ">
            <subfield code="a">320 s.</subfield>
        </datafield>
        <datafield tag="336" ind1=" " ind2=" ">
            <subfield code="a">tekst</subfield>
            <subfield code="0">http://rdaregistry.info/termList/RDAContentType/1020</subfield>
        </datafield>
        <datafield tag="337" ind1=" " ind2=" ">
            <subfield code="a">uformidlet</subfield>
            <subfield code="0">http://rdaregistry.info/termList/RDAMediaType/1007</subfield>
        </datafield>
        <datafield tag="338" ind1=" " ind2=" ">
            <subfield code="a">bind</subfield>
            <subfield code="0">http://rdaregistry.info/termList/RDACarrierType/1049</subfield>
        </datafield>
        <datafield tag="380" ind1=" " ind2=" ">
            <subfield code="a">Språkbasert verk</subfield>
            <subfield code="1">https://schema.nb.no/Bibliographic/Values/V1000</subfield>
        </datafield>
        <datafield tag="700" ind1="1" ind2=" ">
            <subfield code="a">Ballard, J. G.</subfield>
            <subfield code="d">1930-2009</subfield>
            <subfield code="0">(NO-TrBIB)90199005</subfield>
            <subfield code="1">http://viaf.org/viaf/9842556</subfield>
            <subfield code="4">aui</subfield>
            <subfield code="4">http://rdaregistry.info/Elements/m/object/P30328</subfield>
        </datafield>
        <datafield tag="700" ind1="1" ind2=" ">
            <subfield code="a">Grauerholz, James</subfield>
            <subfield code="0">(NO-TrBIB)99053784</subfield>
            <subfield code="1">http://viaf.org/viaf/195632924</subfield>
            <subfield code="4">http://rdaregistry.info/Elements/e/object/P20327</subfield>
        </datafield>
        <datafield tag="700" ind1="1" ind2=" ">
            <subfield code="a">Miles, Barry</subfield>
            <subfield code="d">1943-</subfield>
            <subfield code="0">(NO-TrBIB)90370124</subfield>
            <subfield code="1">http://viaf.org/viaf/109756036</subfield>
            <subfield code="4">http://rdaregistry.info/Elements/e/object/P20327</subfield>
        </datafield>
    </record>