
    <record>
        <leader>04892cam a22006257c 4500</leader>
        <controlfield tag="001">991313720174702201</controlfield>
        <controlfield tag="003">BIBSYS</controlfield>
        <controlfield tag="005">20180202102428.0</controlfield>
        <controlfield tag="007">ta</controlfield>
        <controlfield tag="008">150206s1973    xx#|||||||||||000|f|eng|d</controlfield>
        <datafield tag="020" ind1=" " ind2=" ">
            <subfield code="a">0140031456</subfield>
            <subfield code="q">h.</subfield>
        </datafield>
        <datafield tag="245" ind1="0" ind2="4">
            <subfield code="a">The Penguin science fiction omnibus</subfield>
            <subfield code="c">Edited by Brian Aldiss</subfield>
        </datafield>
        <datafield tag="260" ind1=" " ind2=" ">
            <subfield code="a">Middelsex, UK</subfield>
            <subfield code="b">Penguin Books</subfield>
            <subfield code="c">1973</subfield>
        </datafield>
        <datafield tag="300" ind1=" " ind2=" ">
            <subfield code="a">616 s.</subfield>
        </datafield>
        <datafield tag="336" ind1=" " ind2=" ">
            <subfield code="a">tekst</subfield>
            <subfield code="0">http://rdaregistry.info/termList/RDAContentType/1020</subfield>
        </datafield>
        <datafield tag="337" ind1=" " ind2=" ">
            <subfield code="a">uformidlet</subfield>
            <subfield code="0">http://rdaregistry.info/termList/RDAMediaType/1007</subfield>
        </datafield>
        <datafield tag="338" ind1=" " ind2=" ">
            <subfield code="a">bind</subfield>
            <subfield code="0">http://rdaregistry.info/termList/RDACarrierType/1049</subfield>
        </datafield>
        <datafield tag="380" ind1=" " ind2=" ">
            <subfield code="a">Språkbasert verk</subfield>
            <subfield code="1">https://schema.nb.no/Bibliographic/Values/V1000</subfield>
        </datafield>
        <datafield tag="490" ind1="1" ind2=" ">
            <subfield code="a">Penguin science fiction</subfield>
        </datafield>
        <datafield tag="700" ind1="1" ind2=" ">
            <subfield code="a">Abernathy, Robert</subfield>
            <subfield code="4">ctb</subfield>
            <subfield code="0">(NO-TrBIB)13022307</subfield>
            <subfield code="1">http://viaf.org/viaf/85394371</subfield>
            <subfield code="4">http://rdaregistry.info/Elements/m/object/P30327</subfield>
        </datafield>
        <datafield tag="700" ind1="1" ind2=" ">
            <subfield code="a">Aldiss, Brian W.</subfield>
            <subfield code="d">1925-</subfield>
            <subfield code="4">edt</subfield>
            <subfield code="4">edc</subfield>
            <subfield code="0">(NO-TrBIB)90056060</subfield>
            <subfield code="1">http://viaf.org/viaf/2465493</subfield>
            <subfield code="4">http://rdaregistry.info/Elements/m/object/P30267</subfield>
        </datafield>
        <datafield tag="700" ind1="1" ind2=" ">
            <subfield code="a">Asimov, Isaac</subfield>
            <subfield code="d">1920-1992</subfield>
            <subfield code="4">ctb</subfield>
            <subfield code="0">(NO-TrBIB)90104376</subfield>
            <subfield code="1">http://viaf.org/viaf/24597135</subfield>
            <subfield code="4">http://rdaregistry.info/Elements/m/object/P30327</subfield>
        </datafield>
        <datafield tag="700" ind1="1" ind2=" ">
            <subfield code="a">Ballard, J. G.</subfield>
            <subfield code="d">1930-2009</subfield>
            <subfield code="4">ctb</subfield>
            <subfield code="0">(NO-TrBIB)90199005</subfield>
            <subfield code="4">ctb</subfield>
            <subfield code="1">http://viaf.org/viaf/9842556</subfield>
            <subfield code="4">http://rdaregistry.info/Elements/m/object/P30327</subfield>
        </datafield>
        <datafield tag="700" ind1="1" ind2=" ">
            <subfield code="a">Blish, James</subfield>
            <subfield code="d">1921-1975</subfield>
            <subfield code="4">ctb</subfield>
            <subfield code="0">(NO-TrBIB)99056514</subfield>
            <subfield code="1">http://viaf.org/viaf/111470216</subfield>
            <subfield code="4">http://rdaregistry.info/Elements/m/object/P30327</subfield>
        </datafield>
        <datafield tag="700" ind1="1" ind2=" ">
            <subfield code="a">Brunner, John</subfield>
            <subfield code="d">1934-1995</subfield>
            <subfield code="0">(NO-TrBIB)90763497</subfield>
            <subfield code="4">ctb</subfield>
            <subfield code="1">http://viaf.org/viaf/103212466</subfield>
            <subfield code="4">http://rdaregistry.info/Elements/m/object/P30327</subfield>
        </datafield>
        <datafield tag="700" ind1="1" ind2=" ">
            <subfield code="a">Budrys, Algis</subfield>
            <subfield code="d">1931-</subfield>
            <subfield code="4">ctb</subfield>
            <subfield code="0">(NO-TrBIB)12064560</subfield>
            <subfield code="1">http://viaf.org/viaf/93054017</subfield>
            <subfield code="4">http://rdaregistry.info/Elements/m/object/P30327</subfield>
        </datafield>
        <datafield tag="700" ind1="1" ind2=" ">
            <subfield code="a">Chandler, Bertram</subfield>
            <subfield code="4">ctb</subfield>
            <subfield code="0">(NO-TrBIB)12068553</subfield>
            <subfield code="1">http://viaf.org/viaf/85444448</subfield>
            <subfield code="4">http://rdaregistry.info/Elements/m/object/P30327</subfield>
        </datafield>
        <datafield tag="700" ind1="1" ind2=" ">
            <subfield code="a">Chandler, Bertram</subfield>
            <subfield code="4">ctb</subfield>
            <subfield code="0">(NO-TrBIB)12068553</subfield>
            <subfield code="1">http://viaf.org/viaf/85444448</subfield>
            <subfield code="4">http://rdaregistry.info/Elements/m/object/P30327</subfield>
        </datafield>
        <datafield tag="700" ind1="1" ind2=" ">
            <subfield code="a">Clarke, Arthur C.</subfield>
            <subfield code="d">1917-2008</subfield>
            <subfield code="q">(Arthur Charles)</subfield>
            <subfield code="4">ctb</subfield>
            <subfield code="0">(NO-TrBIB)90725602</subfield>
            <subfield code="1">http://viaf.org/viaf/27062571</subfield>
            <subfield code="4">http://rdaregistry.info/Elements/m/object/P30327</subfield>
        </datafield>
        <datafield tag="700" ind1="1" ind2=" ">
            <subfield code="a">Cogswell, Theodore R.</subfield>
            <subfield code="4">ctb</subfield>
            <subfield code="0">(NO-TrBIB)13022306</subfield>
            <subfield code="4">http://rdaregistry.info/Elements/m/object/P30327</subfield>
        </datafield>
        <datafield tag="700" ind1="1" ind2=" ">
            <subfield code="a">Dickson, Gordon R.</subfield>
            <subfield code="4">ctb</subfield>
            <subfield code="0">(NO-TrBIB)3106869</subfield>
            <subfield code="4">http://rdaregistry.info/Elements/m/object/P30327</subfield>
        </datafield>
        <datafield tag="700" ind1="1" ind2=" ">
            <subfield code="a">Fast, Howard</subfield>
            <subfield code="4">ctb</subfield>
            <subfield code="0">(NO-TrBIB)90085247</subfield>
            <subfield code="4">http://rdaregistry.info/Elements/m/object/P30327</subfield>
        </datafield>
        <datafield tag="700" ind1="1" ind2=" ">
            <subfield code="a">Fyfe, H. B.</subfield>
            <subfield code="4">ctb</subfield>
            <subfield code="0">(NO-TrBIB)12065278</subfield>
            <subfield code="4">http://rdaregistry.info/Elements/m/object/P30327</subfield>
        </datafield>
        <datafield tag="700" ind1="1" ind2=" ">
            <subfield code="a">Godwin, Tom</subfield>
            <subfield code="4">ctb</subfield>
            <subfield code="0">(NO-TrBIB)13011997</subfield>
            <subfield code="4">http://rdaregistry.info/Elements/m/object/P30327</subfield>
        </datafield>
        <datafield tag="700" ind1="1" ind2=" ">
            <subfield code="a">Harrison, Harry</subfield>
            <subfield code="d">1925-2012</subfield>
            <subfield code="4">ctb</subfield>
            <subfield code="0">(NO-TrBIB)90125333</subfield>
            <subfield code="4">http://rdaregistry.info/Elements/m/object/P30327</subfield>
        </datafield>
        <datafield tag="700" ind1="1" ind2=" ">
            <subfield code="a">Knight, Damon</subfield>
            <subfield code="4">ctb</subfield>
            <subfield code="0">(NO-TrBIB)90762006</subfield>
            <subfield code="1">http://viaf.org/viaf/62070456</subfield>
            <subfield code="4">http://rdaregistry.info/Elements/m/object/P30327</subfield>
        </datafield>
        <datafield tag="700" ind1="1" ind2=" ">
            <subfield code="a">Kornbluth, C.M.</subfield>
            <subfield code="4">ctb</subfield>
            <subfield code="0">(NO-TrBIB)90955928</subfield>
            <subfield code="4">http://rdaregistry.info/Elements/m/object/P30327</subfield>
        </datafield>
        <datafield tag="700" ind1="1" ind2=" ">
            <subfield code="a">MacLean, Katherine</subfield>
            <subfield code="4">ctb</subfield>
            <subfield code="0">(NO-TrBIB)12070900</subfield>
            <subfield code="4">http://rdaregistry.info/Elements/m/object/P30327</subfield>
        </datafield>
        <datafield tag="700" ind1="1" ind2=" ">
            <subfield code="a">Miller, Walter M. Jr</subfield>
            <subfield code="4">ctb</subfield>
            <subfield code="0">(NO-TrBIB)12069457</subfield>
            <subfield code="4">http://rdaregistry.info/Elements/m/object/P30327</subfield>
        </datafield>
        <datafield tag="700" ind1="1" ind2=" ">
            <subfield code="a">Moore, Ward</subfield>
            <subfield code="4">ctb</subfield>
            <subfield code="0">(NO-TrBIB)8046603</subfield>
            <subfield code="4">http://rdaregistry.info/Elements/m/object/P30327</subfield>
        </datafield>
        <datafield tag="700" ind1="1" ind2=" ">
            <subfield code="a">Nourse, Alan E.</subfield>
            <subfield code="4">ctb</subfield>
            <subfield code="0">(NO-TrBIB)99003479</subfield>
            <subfield code="4">http://rdaregistry.info/Elements/m/object/P30327</subfield>
        </datafield>
        <datafield tag="700" ind1="1" ind2=" ">
            <subfield code="a">Pohl, Frederik</subfield>
            <subfield code="d">1919-2013</subfield>
            <subfield code="4">ctb</subfield>
            <subfield code="0">(NO-TrBIB)90058471</subfield>
            <subfield code="4">http://rdaregistry.info/Elements/m/object/P30327</subfield>
        </datafield>
        <datafield tag="700" ind1="1" ind2=" ">
            <subfield code="a">Porges, Arthur</subfield>
            <subfield code="4">ctb</subfield>
            <subfield code="0">(NO-TrBIB)13022305</subfield>
            <subfield code="4">http://rdaregistry.info/Elements/m/object/P30327</subfield>
        </datafield>
        <datafield tag="700" ind1="1" ind2=" ">
            <subfield code="a">Russell, Eric Frank</subfield>
            <subfield code="d">1905-1978</subfield>
            <subfield code="4">ctb</subfield>
            <subfield code="0">(NO-TrBIB)3008240</subfield>
            <subfield code="4">http://rdaregistry.info/Elements/m/object/P30327</subfield>
        </datafield>
        <datafield tag="700" ind1="1" ind2=" ">
            <subfield code="a">Schmitz, James H.</subfield>
            <subfield code="4">ctb</subfield>
            <subfield code="0">(NO-TrBIB)12070868</subfield>
            <subfield code="4">http://rdaregistry.info/Elements/m/object/P30327</subfield>
        </datafield>
        <datafield tag="700" ind1="1" ind2=" ">
            <subfield code="a">Schoenfeld, Howard</subfield>
            <subfield code="4">ctb</subfield>
            <subfield code="0">(NO-TrBIB)13022308</subfield>
            <subfield code="4">http://rdaregistry.info/Elements/m/object/P30327</subfield>
        </datafield>
        <datafield tag="700" ind1="1" ind2=" ">
            <subfield code="a">Sheckley, Robert</subfield>
            <subfield code="4">ctb</subfield>
            <subfield code="0">(NO-TrBIB)90222749</subfield>
            <subfield code="1">http://viaf.org/viaf/59089266</subfield>
            <subfield code="4">http://rdaregistry.info/Elements/m/object/P30327</subfield>
        </datafield>
        <datafield tag="700" ind1="1" ind2=" ">
            <subfield code="a">Simak, Clifford</subfield>
            <subfield code="4">ctb</subfield>
            <subfield code="0">(NO-TrBIB)10060674</subfield>
            <subfield code="4">http://rdaregistry.info/Elements/m/object/P30327</subfield>
        </datafield>
        <datafield tag="700" ind1="1" ind2=" ">
            <subfield code="a">Steinbeck, John</subfield>
            <subfield code="d">1902-1968</subfield>
            <subfield code="4">ctb</subfield>
            <subfield code="0">(NO-TrBIB)90081598</subfield>
            <subfield code="4">http://rdaregistry.info/Elements/m/object/P30327</subfield>
        </datafield>
        <datafield tag="700" ind1="1" ind2=" ">
            <subfield code="a">Tenn, William</subfield>
            <subfield code="d">1920-2010</subfield>
            <subfield code="4">ctb</subfield>
            <subfield code="0">(NO-TrBIB)12069468</subfield>
            <subfield code="4">http://rdaregistry.info/Elements/m/object/P30327</subfield>
        </datafield>
        <datafield tag="700" ind1="1" ind2=" ">
            <subfield code="a">Tenn, William</subfield>
            <subfield code="d">1920-2010</subfield>
            <subfield code="4">ctb</subfield>
            <subfield code="0">(NO-TrBIB)12069468</subfield>
            <subfield code="4">http://rdaregistry.info/Elements/m/object/P30327</subfield>
        </datafield>
        <datafield tag="700" ind1="1" ind2=" ">
            <subfield code="a">Vogt, A. E. van</subfield>
            <subfield code="4">ctb</subfield>
            <subfield code="0">(NO-TrBIB)10062162</subfield>
            <subfield code="4">http://rdaregistry.info/Elements/m/object/P30327</subfield>
        </datafield>
        <datafield tag="830" ind1=" " ind2="0">
            <subfield code="a">Penguin science fiction</subfield>
        </datafield>
    </record>