
    <record>
        <leader>03312pam a2200589 c 4500</leader>
        <controlfield tag="001">981025323</controlfield>
        <controlfield tag="003">DE-101</controlfield>
        <controlfield tag="005">20171202004838.0</controlfield>
        <controlfield tag="007">tu</controlfield>
        <controlfield tag="008">060828s2006    gw ||||| m||| 00||||eng  </controlfield>
        <datafield tag="016" ind1="7" ind2=" ">
            <subfield code="2">DE-101</subfield>
            <subfield code="a">981025323</subfield>
        </datafield>
        <datafield tag="020" ind1=" " ind2=" ">
            <subfield code="a">3825351459</subfield>
            <subfield code="c">Pp. : EUR 55.00</subfield>
            <subfield code="9">3-8253-5145-9</subfield>
        </datafield>
        <datafield tag="020" ind1=" " ind2=" ">
            <subfield code="a">9783825351458</subfield>
            <subfield code="c">Pp. : EUR 55.00</subfield>
            <subfield code="9">978-3-8253-5145-8</subfield>
        </datafield>
        <datafield tag="024" ind1="3" ind2=" ">
            <subfield code="a">9783825351458</subfield>
        </datafield>
        <datafield tag="041" ind1=" " ind2=" ">
            <subfield code="a">eng</subfield>
        </datafield>
        <datafield tag="082" ind1="7" ind2="4">
            <subfield code="a">820</subfield>
            <subfield code="q">DE-101</subfield>
            <subfield code="2">22sdnb</subfield>
        </datafield>
        <datafield tag="090" ind1=" " ind2=" ">
            <subfield code="a">b</subfield>
        </datafield>
        <datafield tag="100" ind1="1" ind2=" ">
            <subfield code="0">(DE-588)132167913</subfield>
            <subfield code="0">https://d-nb.info/gnd/132167913</subfield>
            <subfield code="a">Ditze, Stephan-Alexander</subfield>
            <subfield code="1">http://viaf.org/viaf/15923842</subfield>
            <subfield code="4">http://rdaregistry.info/Elements/w/object/P10061</subfield>
        </datafield>
        <datafield tag="240" ind1=" " ind2=" ">
            <subfield code="a">America and the Americans in postwar British fiction</subfield>
            <subfield code="1">http://viaf.org/viaf/15923842/americaandtheamericans</subfield>
        </datafield>
        <datafield tag="245" ind1="1" ind2="0">
            <subfield code="a">America and the Americans in postwar British fiction</subfield>
            <subfield code="b">an imagological study of selected novels</subfield>
            <subfield code="c">Stephan-Alexander Ditze</subfield>
        </datafield>
        <datafield tag="264" ind1=" " ind2="1">
            <subfield code="a">Heidelberg</subfield>
            <subfield code="b">Winter</subfield>
            <subfield code="c">2006</subfield>
        </datafield>
        <datafield tag="300" ind1=" " ind2=" ">
            <subfield code="a">XIII, 368 S.</subfield>
            <subfield code="c">22 cm</subfield>
        </datafield>
        <datafield tag="336" ind1=" " ind2=" ">
            <subfield code="a">tekst</subfield>
            <subfield code="0">http://rdaregistry.info/termList/RDAContentType/1020</subfield>
        </datafield>
        <datafield tag="337" ind1=" " ind2=" ">
            <subfield code="a">uformidlet</subfield>
            <subfield code="0">http://rdaregistry.info/termList/RDAMediaType/1007</subfield>
        </datafield>
        <datafield tag="338" ind1=" " ind2=" ">
            <subfield code="a">bind</subfield>
            <subfield code="0">http://rdaregistry.info/termList/RDACarrierType/1049</subfield>
        </datafield>
        <datafield tag="380" ind1=" " ind2=" ">
            <subfield code="a">Språkbasert verk</subfield>
            <subfield code="1">https://schema.nb.no/Bibliographic/Values/V1000</subfield>
        </datafield>
        <datafield tag="490" ind1="1" ind2=" ">
            <subfield code="a">American studies</subfield>
            <subfield code="v">Vol. 138</subfield>
        </datafield>
        <datafield tag="502" ind1=" " ind2=" ">
            <subfield code="a">Zugl.: Vechta, Hochsch., Diss., 2004</subfield>
        </datafield>
        <datafield tag="600" ind1="1" ind2="7">
            <subfield code="0">(DE-588)4390644-8</subfield>
            <subfield code="0">https://d-nb.info/gnd/4390644-8</subfield>
            <subfield code="0">(DE-101)945949308</subfield>
            <subfield code="a">Lodge, David</subfield>
            <subfield code="d">1935-</subfield>
            <subfield code="t">Changing places</subfield>
            <subfield code="9">rswk-swf</subfield>
            <subfield code="2">gnd</subfield>
            <subfield code="1">http://viaf.org/viaf/190447471</subfield>
        </datafield>
        <datafield tag="600" ind1="1" ind2="7">
            <subfield code="0">(DE-588)4575212-6</subfield>
            <subfield code="0">https://d-nb.info/gnd/4575212-6</subfield>
            <subfield code="0">(DE-101)958195757</subfield>
            <subfield code="a">Waugh, Evelyn</subfield>
            <subfield code="d">1903-1966</subfield>
            <subfield code="t">The loved one</subfield>
            <subfield code="9">rswk-swf</subfield>
            <subfield code="2">gnd</subfield>
            <subfield code="1">http://viaf.org/viaf/181821021</subfield>
        </datafield>
        <datafield tag="600" ind1="1" ind2="7">
            <subfield code="0">(DE-588)4678069-5</subfield>
            <subfield code="0">https://d-nb.info/gnd/4678069-5</subfield>
            <subfield code="0">(DE-101)964019140</subfield>
            <subfield code="a">Greene, Graham</subfield>
            <subfield code="d">1904-1991</subfield>
            <subfield code="t">The quiet American</subfield>
            <subfield code="9">rswk-swf</subfield>
            <subfield code="2">gnd</subfield>
            <subfield code="1">http://viaf.org/viaf/313335324</subfield>
        </datafield>
        <datafield tag="600" ind1="1" ind2="7">
            <subfield code="0">(DE-588)7546757-4</subfield>
            <subfield code="0">https://d-nb.info/gnd/7546757-4</subfield>
            <subfield code="0">(DE-101)981604684</subfield>
            <subfield code="a">Amis, Kingsley</subfield>
            <subfield code="d">1922-1995</subfield>
            <subfield code="t">One fat englishman</subfield>
            <subfield code="9">rswk-swf</subfield>
            <subfield code="2">gnd</subfield>
            <subfield code="1">http://viaf.org/viaf/311112707</subfield>
        </datafield>
        <datafield tag="600" ind1="1" ind2="7">
            <subfield code="0">(DE-588)7546759-8</subfield>
            <subfield code="0">https://d-nb.info/gnd/7546759-8</subfield>
            <subfield code="0">(DE-101)98160482X</subfield>
            <subfield code="a">Ballard, J. G.</subfield>
            <subfield code="d">1930-2009</subfield>
            <subfield code="t">Hello America</subfield>
            <subfield code="9">rswk-swf</subfield>
            <subfield code="2">gnd</subfield>
            <subfield code="1">http://viaf.org/viaf/202977755</subfield>
        </datafield>
        <datafield tag="830" ind1=" " ind2="0">
            <subfield code="a">American studies</subfield>
            <subfield code="v">Vol. 138</subfield>
            <subfield code="w">(DE-101)014011670</subfield>
            <subfield code="w">(DE-600)740217-X</subfield>
            <subfield code="9">3138</subfield>
            <subfield code="7">as</subfield>
        </datafield>
    </record>