
    <record>
        <leader>01698nam a2200361 c 4500</leader>
        <controlfield tag="001">966269365</controlfield>
        <controlfield tag="003">DE-101</controlfield>
        <controlfield tag="005">20171203135415.0</controlfield>
        <controlfield tag="007">tu</controlfield>
        <controlfield tag="008">030128s2000    gw ||||| |||| 00||||ger  </controlfield>
        <datafield tag="016" ind1="7" ind2=" ">
            <subfield code="2">DE-101</subfield>
            <subfield code="a">966269365</subfield>
        </datafield>
        <datafield tag="020" ind1=" " ind2=" ">
            <subfield code="a">3442839475</subfield>
            <subfield code="c">kart. : EUR 19.00</subfield>
            <subfield code="9">3-442-83947-5</subfield>
        </datafield>
        <datafield tag="020" ind1=" " ind2=" ">
            <subfield code="a">9783442839476</subfield>
            <subfield code="c">kart. : EUR 19.00</subfield>
            <subfield code="9">978-3-442-83947-6</subfield>
        </datafield>
        <datafield tag="041" ind1=" " ind2=" ">
            <subfield code="a">ger</subfield>
            <subfield code="h">eng</subfield>
        </datafield>
        <datafield tag="090" ind1=" " ind2=" ">
            <subfield code="a">b</subfield>
        </datafield>
        <datafield tag="100" ind1="1" ind2=" ">
            <subfield code="0">(DE-588)118656929</subfield>
            <subfield code="0">https://d-nb.info/gnd/118656929</subfield>
            <subfield code="0">(DE-101)118656929</subfield>
            <subfield code="a">Ballard, J. G.</subfield>
            <subfield code="d">1930-2009</subfield>
            <subfield code="e">Verfasser</subfield>
            <subfield code="4">aut</subfield>
            <subfield code="2">gnd</subfield>
            <subfield code="1">http://viaf.org/viaf/9842556</subfield>
            <subfield code="4">http://rdaregistry.info/Elements/w/object/P10061</subfield>
        </datafield>
        <datafield tag="240" ind1="1" ind2="0">
            <subfield code="a">Cocaine nights</subfield>
            <subfield code="1">http://viaf.org/viaf/7815148574285124430000</subfield>
        </datafield>
        <datafield tag="245" ind1="1" ind2="0">
            <subfield code="a">Weißes Feuer</subfield>
            <subfield code="b">Roman</subfield>
            <subfield code="c">J. G. Ballard. Aus dem Engl. von Joachim Körber</subfield>
        </datafield>
        <datafield tag="250" ind1=" " ind2=" ">
            <subfield code="a">Print-on-Demand-Ausg.</subfield>
        </datafield>
        <datafield tag="259" ind1=" " ind2=" ">
            <subfield code="a">prod</subfield>
        </datafield>
        <datafield tag="264" ind1=" " ind2="1">
            <subfield code="a">München</subfield>
            <subfield code="b">Goldmann</subfield>
            <subfield code="c">2000</subfield>
        </datafield>
        <datafield tag="300" ind1=" " ind2=" ">
            <subfield code="a">380 S.</subfield>
            <subfield code="c">19 cm</subfield>
        </datafield>
        <datafield tag="336" ind1=" " ind2=" ">
            <subfield code="a">Text</subfield>
            <subfield code="b">txt</subfield>
            <subfield code="2">rdacontent</subfield>
            <subfield code="0">http://rdaregistry.info/termList/RDAContentType/1020</subfield>
        </datafield>
        <datafield tag="337" ind1=" " ind2=" ">
            <subfield code="a">ohne Hilfsmittel zu benutzen</subfield>
            <subfield code="b">n</subfield>
            <subfield code="2">rdamedia</subfield>
            <subfield code="0">http://rdaregistry.info/termList/RDAMediaType/1007</subfield>
        </datafield>
        <datafield tag="338" ind1=" " ind2=" ">
            <subfield code="a">Band</subfield>
            <subfield code="b">nc</subfield>
            <subfield code="2">rdacarrier</subfield>
            <subfield code="0">http://rdaregistry.info/termList/RDACarrierType/1049</subfield>
        </datafield>
        <datafield tag="490" ind1="1" ind2=" ">
            <subfield code="a">Goldmann</subfield>
            <subfield code="v">83947</subfield>
        </datafield>
        <datafield tag="700" ind1="1" ind2="2">
            <subfield code="a">Ballard, J. G.</subfield>
            <subfield code="d">1930-2009</subfield>
            <subfield code="2">gnd</subfield>
            <subfield code="t">Cocaine nights</subfield>
            <subfield code="g">dt</subfield>
            <subfield code="1">http://viaf.org/viaf/7815148574285124430000</subfield>
        </datafield>
        <datafield tag="700" ind1="1" ind2=" ">
            <subfield code="a">Körber, Joachim</subfield>
            <subfield code="4">trl</subfield>
            <subfield code="1">http://viaf.org/viaf/37083705</subfield>
            <subfield code="4">http://rdaregistry.info/Elements/e/object/P20037</subfield>
        </datafield>
        <datafield tag="830" ind1=" " ind2="0">
            <subfield code="a">Goldmann</subfield>
            <subfield code="v">83947</subfield>
            <subfield code="w">(DE-101)01079042X</subfield>
            <subfield code="w">(DE-600)135758-X</subfield>
            <subfield code="9">583947</subfield>
            <subfield code="7">as</subfield>
        </datafield>
    </record>