
    <record>
        <leader>01325cam a2200301   4500</leader>
        <controlfield tag="001">7281342</controlfield>
        <controlfield tag="003">SE-LIBR</controlfield>
        <controlfield tag="005">20090507170612.0</controlfield>
        <controlfield tag="008">011211s1988    sw            000 f swe  </controlfield>
        <datafield tag="020" ind1=" " ind2=" ">
            <subfield code="a">91-46-15558-9 (inb.) ;</subfield>
            <subfield code="c">90:00</subfield>
        </datafield>
        <datafield tag="041" ind1="1" ind2=" ">
            <subfield code="a">swe</subfield>
            <subfield code="h">eng</subfield>
        </datafield>
        <datafield tag="082" ind1="0" ind2="4">
            <subfield code="a">823</subfield>
            <subfield code="2">22 (machine generated)</subfield>
        </datafield>
        <datafield tag="100" ind1="1" ind2=" ">
            <subfield code="a">Ballard, J. G.</subfield>
            <subfield code="d">1930-2009</subfield>
            <subfield code="0">176668</subfield>
            <subfield code="1">http://viaf.org/viaf/9842556</subfield>
            <subfield code="4">http://rdaregistry.info/Elements/w/object/P10061</subfield>
        </datafield>
        <datafield tag="240" ind1="1" ind2="0">
            <subfield code="a">Empire of the sun</subfield>
            <subfield code="1">http://viaf.org/viaf/180997771</subfield>
        </datafield>
        <datafield tag="245" ind1="0" ind2="0">
            <subfield code="a">Solens rike :</subfield>
            <subfield code="b">roman /</subfield>
            <subfield code="c">J.G. Ballard ; översättning av Hans-Jacob Nilsson</subfield>
        </datafield>
        <datafield tag="249" ind1=" " ind2="0">
            <subfield code="a">Empire of the sun.</subfield>
        </datafield>
        <datafield tag="250" ind1=" " ind2=" ">
            <subfield code="a">[Ny utg.]</subfield>
        </datafield>
        <datafield tag="260" ind1=" " ind2=" ">
            <subfield code="a">Stockholm :</subfield>
            <subfield code="b">Wahlström and Widstrand,</subfield>
            <subfield code="c">1988 ;</subfield>
            <subfield code="e">(Södertälje :</subfield>
            <subfield code="f">Fingraf)</subfield>
        </datafield>
        <datafield tag="300" ind1=" " ind2=" ">
            <subfield code="a">319, [1] s. ;</subfield>
            <subfield code="c">24 cm</subfield>
        </datafield>
        <datafield tag="336" ind1=" " ind2=" ">
            <subfield code="a">text</subfield>
            <subfield code="2">rdacontent</subfield>
            <subfield code="0">http://rdaregistry.info/termList/RDAContentType/1020</subfield>
        </datafield>
        <datafield tag="337" ind1=" " ind2=" ">
            <subfield code="a">unmediated</subfield>
            <subfield code="2">rdamedia</subfield>
            <subfield code="0">http://rdaregistry.info/termList/RDAMediaType/1007</subfield>
        </datafield>
        <datafield tag="338" ind1=" " ind2=" ">
            <subfield code="a">volume</subfield>
            <subfield code="2">rdacarrier</subfield>
            <subfield code="0">http://rdaregistry.info/termList/RDACarrierType/1049</subfield>
        </datafield>
        <datafield tag="380" ind1=" " ind2=" ">
            <subfield code="a">Språkbasert verk</subfield>
            <subfield code="1">https://schema.nb.no/Bibliographic/Values/V1000</subfield>
        </datafield>
        <datafield tag="700" ind1="1" ind2=" ">
            <subfield code="a">Nilsson, Hans-Jacob</subfield>
            <subfield code="d">1949-</subfield>
            <subfield code="4">trl</subfield>
            <subfield code="0">322971</subfield>
            <subfield code="1">http://viaf.org/viaf/237688467</subfield>
            <subfield code="4">http://rdaregistry.info/Elements/e/object/P20037</subfield>
        </datafield>
    </record>