
    <record>
        <leader>01704camsa2200313ba 4500</leader>
        <controlfield tag="001">10245321</controlfield>
        <controlfield tag="003">SE-LIBR</controlfield>
        <controlfield tag="005">20090422155749.0</controlfield>
        <controlfield tag="008">061025s1982    sw                  swe  </controlfield>
        <datafield tag="020" ind1=" " ind2=" ">
            <subfield code="a">91-85914-06-1</subfield>
        </datafield>
        <datafield tag="028" ind1="4" ind2="2">
            <subfield code="a">978-91-85914-06-7</subfield>
        </datafield>
        <datafield tag="100" ind1="1" ind2=" ">
            <subfield code="a">Ballard, J. G.</subfield>
            <subfield code="d">1930-2009</subfield>
            <subfield code="0">176668</subfield>
            <subfield code="1">http://viaf.org/viaf/9842556</subfield>
            <subfield code="4">http://rdaregistry.info/Elements/w/object/P10061</subfield>
        </datafield>
        <datafield tag="245" ind1="1" ind2="0">
            <subfield code="a">"Men är inte Kennedy redan död?..." :</subfield>
            <subfield code="b">tre romaner /</subfield>
            <subfield code="c">av J. G. Ballard ; urval, översättning och introduktion: K. G. Johansson och Gunilla Dahlblom</subfield>
        </datafield>
        <datafield tag="260" ind1=" " ind2=" ">
            <subfield code="a">Stockholm</subfield>
            <subfield code="b">Embryo</subfield>
            <subfield code="c">1982</subfield>
        </datafield>
        <datafield tag="336" ind1=" " ind2=" ">
            <subfield code="a">text</subfield>
            <subfield code="2">rdacontent</subfield>
            <subfield code="0">http://rdaregistry.info/termList/RDAContentType/1020</subfield>
        </datafield>
        <datafield tag="337" ind1=" " ind2=" ">
            <subfield code="a">unmediated</subfield>
            <subfield code="2">rdamedia</subfield>
            <subfield code="0">http://rdaregistry.info/termList/RDAMediaType/1007</subfield>
        </datafield>
        <datafield tag="338" ind1=" " ind2=" ">
            <subfield code="a">volume</subfield>
            <subfield code="2">rdacarrier</subfield>
            <subfield code="0">http://rdaregistry.info/termList/RDACarrierType/1049</subfield>
        </datafield>
        <datafield tag="380" ind1=" " ind2=" ">
            <subfield code="a">Språkbasert verk</subfield>
            <subfield code="1">https://schema.nb.no/Bibliographic/Values/V1000</subfield>
        </datafield>
        <datafield tag="500" ind1=" " ind2=" ">
            <subfield code="5">Mo</subfield>
            <subfield code="a">Översättning från engelska av valda texter</subfield>
        </datafield>
        <datafield tag="520" ind1="8" ind2=" ">
            <subfield code="5">Mo</subfield>
            <subfield code="a">Innehåll: Mordvapnet ; Varför jag vill knulla Ronald Reagan ; Mordet på John Fitzgerald Kennedy betraktat som en biltävling i nedförsbacke</subfield>
        </datafield>
        <datafield tag="546" ind1=" " ind2=" ">
            <subfield code="5">Mo</subfield>
            <subfield code="a">svenska</subfield>
        </datafield>
        <datafield tag="700" ind1=" " ind2="2">
            <subfield code="a">Ballard, J. G.</subfield>
            <subfield code="d">1930-2009</subfield>
            <subfield code="t">Mordvapnet</subfield>
            <subfield code="1">http://www.isfdb.org/cgi-bin/title.cgi?57578</subfield>
        </datafield>
        <datafield tag="700" ind1=" " ind2="2">
            <subfield code="a">Ballard, J. G.</subfield>
            <subfield code="d">1930-2009</subfield>
            <subfield code="t">Varför jag vill knulla Ronald Reagan</subfield>
            <subfield code="1">http://www.isfdb.org/cgi-bin/title.cgi?1274485</subfield>
        </datafield>
        <datafield tag="700" ind1=" " ind2="2">
            <subfield code="a">Ballard, J. G.</subfield>
            <subfield code="d">1930-2009</subfield>
            <subfield code="t">Mordet på John Fitzgerald Kennedy betraktat som en biltävling i nedförsbacke</subfield>
            <subfield code="1">http://www.isfdb.org/cgi-bin/title.cgi?57579</subfield>
        </datafield>
    </record>