
    <record>
        <leader>01688cam a2200361 c 4500</leader>
        <controlfield tag="001">998821673324702201</controlfield>
        <controlfield tag="003">BIBSYS</controlfield>
        <controlfield tag="005">20211031215352.0</controlfield>
        <controlfield tag="007">cr||||||||||||</controlfield>
        <controlfield tag="007">ta</controlfield>
        <controlfield tag="008">150206s1988    no#||||| |||||000|1|nob|d</controlfield>
        <datafield tag="020" ind1=" " ind2=" ">
            <subfield code="a">8203158137</subfield>
            <subfield code="q">ib.</subfield>
            <subfield code="c">Nkr 238.00</subfield>
        </datafield>
        <datafield tag="041" ind1="1" ind2=" ">
            <subfield code="h">eng</subfield>
        </datafield>
        <datafield tag="082" ind1="7" ind2="4">
            <subfield code="a">823</subfield>
            <subfield code="q">NO-OsNB</subfield>
            <subfield code="2">4/nor</subfield>
        </datafield>
        <datafield tag="100" ind1="1" ind2=" ">
            <subfield code="a">Ballard, J. G.</subfield>
            <subfield code="d">1930-2009</subfield>
            <subfield code="0">(NO-TrBIB)90199005</subfield>
            <subfield code="1">http://viaf.org/viaf/9842556</subfield>
            <subfield code="4">http://rdaregistry.info/Elements/w/object/P10061</subfield>
        </datafield>
        <datafield tag="240" ind1="1" ind2="4">
            <subfield code="a">The day of creation</subfield>
            <subfield code="l">Svenska</subfield>
            <subfield code="1">http://viaf.org/viaf/308025936</subfield>
        </datafield>
        <datafield tag="245" ind1="1" ind2="0">
            <subfield code="a">Skapelsens dag</subfield>
            <subfield code="c">J. G. Ballard ; oversatt av Odd Kvaal Pedersen</subfield>
        </datafield>
        <datafield tag="246" ind1="1" ind2=" ">
            <subfield code="a">The day of creation</subfield>
            <subfield code="i">Originaltittel</subfield>
        </datafield>
        <datafield tag="260" ind1=" " ind2=" ">
            <subfield code="a">Oslo</subfield>
            <subfield code="b">Aschehoug</subfield>
            <subfield code="c">1988</subfield>
        </datafield>
        <datafield tag="300" ind1=" " ind2=" ">
            <subfield code="a">278 s.</subfield>
            <subfield code="c">22 cm</subfield>
        </datafield>
        <datafield tag="336" ind1=" " ind2=" ">
            <subfield code="a">tekst</subfield>
            <subfield code="0">http://rdaregistry.info/termList/RDAContentType/1020</subfield>
        </datafield>
        <datafield tag="337" ind1=" " ind2=" ">
            <subfield code="a">uformidlet</subfield>
            <subfield code="0">http://rdaregistry.info/termList/RDAMediaType/1007</subfield>
        </datafield>
        <datafield tag="338" ind1=" " ind2=" ">
            <subfield code="a">bind</subfield>
            <subfield code="0">http://rdaregistry.info/termList/RDACarrierType/1049</subfield>
        </datafield>
        <datafield tag="347" ind1=" " ind2=" ">
            <subfield code="a">data file</subfield>
            <subfield code="2">rda</subfield>
        </datafield>
        <datafield tag="380" ind1=" " ind2=" ">
            <subfield code="a">Språkbasert verk</subfield>
            <subfield code="1">https://schema.nb.no/Bibliographic/Values/V1000</subfield>
        </datafield>
        <datafield tag="700" ind1="1" ind2=" ">
            <subfield code="a">Pedersen, Odd Kvaal</subfield>
            <subfield code="d">1935-1990</subfield>
            <subfield code="0">(NO-TrBIB)90052113</subfield>
            <subfield code="4">trl</subfield>
            <subfield code="1">http://viaf.org/viaf/29585795</subfield>
            <subfield code="4">http://rdaregistry.info/Elements/e/object/P20037</subfield>
        </datafield>
    </record>