
    <record>
        <leader>03674cam a22004097i 4500</leader>
        <controlfield tag="001">t3ckxrnpr62z4343</controlfield>
        <controlfield tag="003">SE-LIBR</controlfield>
        <controlfield tag="005">20190109144335.0</controlfield>
        <controlfield tag="008">181212s2013    xxua||||||||||001 0|eng|d</controlfield>
        <datafield tag="020" ind1=" " ind2=" ">
            <subfield code="a">0814252745</subfield>
        </datafield>
        <datafield tag="020" ind1=" " ind2=" ">
            <subfield code="a">9780814252741</subfield>
        </datafield>
        <datafield tag="041" ind1=" " ind2=" ">
            <subfield code="a">eng</subfield>
        </datafield>
        <datafield tag="082" ind1="0" ind2="4">
            <subfield code="a">808.3</subfield>
            <subfield code="2">23/swe</subfield>
        </datafield>
        <datafield tag="100" ind1="1" ind2=" ">
            <subfield code="a">Abbott, H. Porter.</subfield>
            <subfield code="4">aut</subfield>
            <subfield code="1">http://viaf.org/viaf/22158269</subfield>
            <subfield code="4">http://rdaregistry.info/Elements/w/object/P10061</subfield>
        </datafield>
        <datafield tag="240" ind1=" " ind2=" ">
            <subfield code="a">Real mysteries : narrative and the unknowable</subfield>
            <subfield code="1">http://viaf.org/viaf/22158269/realmysteries</subfield>
        </datafield>
        <datafield tag="245" ind1="1" ind2="0">
            <subfield code="a">Real mysteries :</subfield>
            <subfield code="b">narrative and the unknowable.</subfield>
            <subfield code="c">H. Porter Abbott.</subfield>
        </datafield>
        <datafield tag="264" ind1=" " ind2="1">
            <subfield code="a">Columbus :</subfield>
            <subfield code="b">Ohio State University Press,</subfield>
            <subfield code="c">[2013]</subfield>
        </datafield>
        <datafield tag="264" ind1=" " ind2="4">
            <subfield code="c">©2013</subfield>
        </datafield>
        <datafield tag="300" ind1=" " ind2=" ">
            <subfield code="a">x, 178 pages</subfield>
            <subfield code="b">illustrations</subfield>
            <subfield code="c">24 cm.</subfield>
        </datafield>
        <datafield tag="336" ind1=" " ind2=" ">
            <subfield code="a">text</subfield>
            <subfield code="2">rdacontent</subfield>
            <subfield code="0">http://rdaregistry.info/termList/RDAContentType/1020</subfield>
        </datafield>
        <datafield tag="337" ind1=" " ind2=" ">
            <subfield code="a">unmediated</subfield>
            <subfield code="2">rdamedia</subfield>
            <subfield code="0">http://rdaregistry.info/termList/RDAMediaType/1007</subfield>
        </datafield>
        <datafield tag="338" ind1=" " ind2=" ">
            <subfield code="a">volume</subfield>
            <subfield code="2">rdacarrier</subfield>
            <subfield code="0">http://rdaregistry.info/termList/RDACarrierType/1049</subfield>
        </datafield>
        <datafield tag="380" ind1=" " ind2=" ">
            <subfield code="a">Språkbasert verk</subfield>
            <subfield code="1">https://schema.nb.no/Bibliographic/Values/V1000</subfield>
        </datafield>
        <datafield tag="490" ind1="1" ind2=" ">
            <subfield code="a">Theory and interpretation of narrative</subfield>
        </datafield>
        <datafield tag="500" ind1=" " ind2=" ">
            <subfield code="a">Includes bibliographical references and index.</subfield>
        </datafield>
        <datafield tag="505" ind1="8" ind2=" ">
            <subfield code="a">Part 1: Unimaginable unknowns. Apophatic narrative ; Conjuring stories -- Part 2: Inexpressible states. Sentences &amp; worlds ; Syntactical poetics -- Part 3: Egregious gaps. Untold events ; Unreadable minds -- Conclusion. Why all this matters.</subfield>
        </datafield>
        <datafield tag="520" ind1=" " ind2=" ">
            <subfield code="a">"The influential and widely respected narrative theorist, H. Porter Abbott, breaks new ground in Real Mysteries: Narrative and the Unknowable. In it, he revisits the ancient theme of what we cannot know about ourselves and others. But in a sharp departure, he shifts the focus from the representation of this theme to the ways narrative can be manipulated to immerse "the willing reader" in the actual experience of unknowing. As he shows, this difficult and risky art, which was practiced so inventively by Samuel Beckett, was also practiced by other modern writers. Abbott demonstrates their surprising diversity in texts by Beckett, Gabriel García Márquez, Herman Melville, Emily Brontë, Toni Morrison, Alice Munro, J.M. Coetzee, Tim O'Brien, Kathryn Harrison, and Jeanette Winterson, together with supporting roles by J.G. Ballard, Gertrude Stein, Michael Haneke, and Pseudo-Dionysius the Areopagite. The demands of this art bear directly on key issues of narrative inquiry, including the nature and limits of reader-resistant texts, the function of permanent narrative gaps, the relation between experiencing a text and its interpretation, the fraught issue of aligning grammatical and narrative syntax, the mixed blessing of our mind-reading capability, and the ethics of reading. Despite its challenges, this book has also been written with an eye to the general reader. In accessible language, Abbott shows how narrative fiction may create spaces in which our ignorance, when it is by its nature absolute, can be not only acknowledged but felt, and why this is important." ; Publisher's description.</subfield>
        </datafield>
        <datafield tag="830" ind1=" " ind2="0">
            <subfield code="a">Theory and interpretation of narrative series</subfield>
        </datafield>
    </record>