
    <record>
        <leader>03019aam a22005291i 4500</leader>
        <controlfield tag="001">019934373</controlfield>
        <controlfield tag="003">Uk</controlfield>
        <controlfield tag="005">20200928170051.0</controlfield>
        <controlfield tag="006">m    ||  d |      </controlfield>
        <controlfield tag="007">cr |||||||||||</controlfield>
        <controlfield tag="008">200911s2019    xxk||||fo    |||| ||eng  </controlfield>
        <datafield tag="020" ind1=" " ind2=" ">
            <subfield code="a">1838715169</subfield>
            <subfield code="q">Electronic book (EPUB format)</subfield>
        </datafield>
        <datafield tag="020" ind1=" " ind2=" ">
            <subfield code="a">9781838715168</subfield>
            <subfield code="q">Electronic book (EPUB format)</subfield>
        </datafield>
        <datafield tag="020" ind1=" " ind2=" ">
            <subfield code="z">9780851707198</subfield>
            <subfield code="q">print</subfield>
        </datafield>
        <datafield tag="037" ind1=" " ind2=" ">
            <subfield code="a">9781838715168</subfield>
            <subfield code="b">codeMantra</subfield>
        </datafield>
        <datafield tag="082" ind1="0" ind2="4">
            <subfield code="a">791.4372</subfield>
            <subfield code="2">21</subfield>
        </datafield>
        <datafield tag="100" ind1="1" ind2=" ">
            <subfield code="a">Sinclair, Iain</subfield>
            <subfield code="1">http://viaf.org/viaf/37065843</subfield>
            <subfield code="4">http://rdaregistry.info/Elements/w/object/P10061</subfield>
        </datafield>
        <datafield tag="240" ind1="1" ind2="0">
            <subfield code="a">Crash : David Cronenberg's Post-mortem on J. G. Ballard's Trajectory of fate</subfield>
            <subfield code="1">http://viaf.org/viaf/37065843/crash</subfield>
        </datafield>
        <datafield tag="245" ind1="1" ind2="0">
            <subfield code="a">Crash :</subfield>
            <subfield code="b">David Cronenberg's post-mortem on J.G. Ballard's 'Trajectory of fate' /</subfield>
            <subfield code="c">Iain Sinclair.</subfield>
        </datafield>
        <datafield tag="264" ind1=" " ind2="1">
            <subfield code="a">London :</subfield>
            <subfield code="b">British Film Institute,</subfield>
            <subfield code="c">2019.</subfield>
        </datafield>
        <datafield tag="300" ind1=" " ind2=" ">
            <subfield code="a">1 online resource (112 pages).</subfield>
        </datafield>
        <datafield tag="336" ind1=" " ind2=" ">
            <subfield code="a">text</subfield>
            <subfield code="2">rdacontent</subfield>
            <subfield code="0">http://rdaregistry.info/termList/RDAContentType/1020</subfield>
        </datafield>
        <datafield tag="337" ind1=" " ind2=" ">
            <subfield code="a">computer</subfield>
            <subfield code="2">rdamedia</subfield>
            <subfield code="0">http://rdaregistry.info/termList/RDAMediaType/1003</subfield>
        </datafield>
        <datafield tag="338" ind1=" " ind2=" ">
            <subfield code="a">online resource</subfield>
            <subfield code="2">rdacarrier</subfield>
            <subfield code="0">http://rdaregistry.info/termList/RDACarrierType/1018</subfield>
        </datafield>
        <datafield tag="336" ind1=" " ind2=" ">
            <subfield code="a">tekst</subfield>
            <subfield code="0">http://rdaregistry.info/termList/RDAContentType/1020</subfield>
        </datafield>
        <datafield tag="337" ind1=" " ind2=" ">
            <subfield code="a">datamaskin</subfield>
            <subfield code="0">http://rdaregistry.info/termList/RDAMediaType/1003</subfield>
        </datafield>
        <datafield tag="338" ind1=" " ind2=" ">
            <subfield code="a">online ressurs</subfield>
            <subfield code="0">http://rdaregistry.info/termList/RDACarrierType/1018</subfield>
        </datafield>
        <datafield tag="347" ind1=" " ind2=" ">
            <subfield code="a">data file</subfield>
            <subfield code="2">rda</subfield>
        </datafield>
        <datafield tag="380" ind1=" " ind2=" ">
            <subfield code="a">Språkbasert verk</subfield>
            <subfield code="1">https://schema.nb.no/Bibliographic/Values/V1000</subfield>
        </datafield>
        <datafield tag="490" ind1="1" ind2=" ">
            <subfield code="a">BFI modern classics</subfield>
        </datafield>
        <datafield tag="505" ind1="0" ind2="0">
            <subfield code="g">1.</subfield>
            <subfield code="t">Novel as Audition Piece --</subfield>
            <subfield code="g">2.</subfield>
            <subfield code="t">Liquid Mirror: Ballard Dissolves to Cronenberg --</subfield>
            <subfield code="g">3.</subfield>
            <subfield code="t">The Other Crash Films --</subfield>
            <subfield code="g">4.</subfield>
            <subfield code="t">Cronenberg's Crash --</subfield>
            <subfield code="g">5.</subfield>
            <subfield code="t">White Nights on the Bauhaus Balcony --</subfield>
            <subfield code="g">6.</subfield>
            <subfield code="t">J.G. Ballard and James Ballard --</subfield>
            <subfield code="g">7.</subfield>
            <subfield code="t">Atrocity Exhibitions --</subfield>
            <subfield code="g">8.</subfield>
            <subfield code="t">The Trajectory of Fate.</subfield>
        </datafield>
        <datafield tag="600" ind1="1" ind2="0">
            <subfield code="a">Cronenberg, David</subfield>
            <subfield code="d">1943-</subfield>
            <subfield code="x">Criticism and interpretation</subfield>
            <subfield code="1">http://viaf.org/viaf/97752099</subfield>
        </datafield>
        <datafield tag="600" ind1="1" ind2="7">
            <subfield code="a">Ballard, J. G. (James Graham)</subfield>
            <subfield code="d">1930-</subfield>
            <subfield code="t">Crash.</subfield>
            <subfield code="2">ram</subfield>
            <subfield code="1">http://viaf.org/viaf/305922109</subfield>
        </datafield>
        <datafield tag="600" ind1="1" ind2="7">
            <subfield code="a">Cronenberg, David</subfield>
            <subfield code="d">1943-</subfield>
            <subfield code="2">fast</subfield>
            <subfield code="0">(OCoLC)fst00126742</subfield>
            <subfield code="1">http://viaf.org/viaf/97752099</subfield>
        </datafield>
        <datafield tag="600" ind1="1" ind2="7">
            <subfield code="a">Cronenberg, David</subfield>
            <subfield code="d">1943-</subfield>
            <subfield code="x">Critique et interprétation.</subfield>
            <subfield code="2">ram</subfield>
            <subfield code="1">http://viaf.org/viaf/97752099</subfield>
        </datafield>
        <datafield tag="630" ind1="0" ind2="0">
            <subfield code="a">Crash (Motion picture : 1996)</subfield>
            <subfield code="1">http://www.wikidata.org/entity/Q188000</subfield>
        </datafield>
        <datafield tag="630" ind1="0" ind2="4">
            <subfield code="a">Crash (Motion picture)</subfield>
            <subfield code="1">http://www.wikidata.org/entity/Q188000</subfield>
        </datafield>
        <datafield tag="630" ind1="0" ind2="7">
            <subfield code="a">Crash (Ballard, J. G.)</subfield>
            <subfield code="2">fast</subfield>
            <subfield code="0">(OCoLC)fst01912881</subfield>
            <subfield code="1">http://viaf.org/viaf/305922109</subfield>
        </datafield>
        <datafield tag="630" ind1="0" ind2="7">
            <subfield code="a">Crash (Motion picture : 1996)</subfield>
            <subfield code="2">fast</subfield>
            <subfield code="0">(OCoLC)fst01394078</subfield>
            <subfield code="1">http://www.wikidata.org/entity/Q188000</subfield>
        </datafield>
        <datafield tag="630" ind1="0" ind2="7">
            <subfield code="a">Crash &lt;Film&gt;</subfield>
            <subfield code="2">swd</subfield>
            <subfield code="1">http://www.wikidata.org/entity/Q188000</subfield>
        </datafield>
        <datafield tag="710" ind1="2" ind2=" ">
            <subfield code="a">British Film Institute.</subfield>
        </datafield>
        <datafield tag="830" ind1=" " ind2="0">
            <subfield code="a">BFI modern classics.</subfield>
        </datafield>
    </record>