
    <record>
        <leader>04229cam a22005537a 4500</leader>
        <controlfield tag="001">16092580</controlfield>
        <controlfield tag="003">SE-LIBR</controlfield>
        <controlfield tag="005">20150522121842.0</controlfield>
        <controlfield tag="006">m        d |      </controlfield>
        <controlfield tag="007">cr |||   |||||         </controlfield>
        <controlfield tag="008">140311s2013    xxu|||||o|||||000 ||eng|c</controlfield>
        <datafield tag="020" ind1=" " ind2=" ">
            <subfield code="a">9781136224690</subfield>
            <subfield code="q">electronic bk.</subfield>
        </datafield>
        <datafield tag="020" ind1=" " ind2=" ">
            <subfield code="z">9780415806985 (print)</subfield>
        </datafield>
        <datafield tag="041" ind1=" " ind2=" ">
            <subfield code="a">eng</subfield>
        </datafield>
        <datafield tag="082" ind1="0" ind2="0">
            <subfield code="a">820.900914</subfield>
            <subfield code="2">23/swe</subfield>
        </datafield>
        <datafield tag="100" ind1="1" ind2=" ">
            <subfield code="a">Hanson, Clare.</subfield>
            <subfield code="4">aut</subfield>
            <subfield code="1">http://viaf.org/viaf/51718292</subfield>
            <subfield code="4">http://rdaregistry.info/Elements/w/object/P10061</subfield>
        </datafield>
        <datafield tag="240" ind1=" " ind2=" ">
            <subfield code="a">Eugenics, literature, and culture in post-war Britain</subfield>
            <subfield code="1">http://viaf.org/viaf/51718292/eugenics</subfield>
        </datafield>
        <datafield tag="245" ind1="1" ind2="0">
            <subfield code="a">Eugenics, literature, and culture in post-war Britain</subfield>
            <subfield code="h">[Elektronisk resurs] /</subfield>
            <subfield code="c">Clare Hanson.</subfield>
        </datafield>
        <datafield tag="264" ind1=" " ind2="1">
            <subfield code="a">New York :</subfield>
            <subfield code="b">Routledge,</subfield>
            <subfield code="c">2013</subfield>
        </datafield>
        <datafield tag="300" ind1=" " ind2=" ">
            <subfield code="a">1 online resource (201 pages)</subfield>
        </datafield>
        <datafield tag="336" ind1=" " ind2=" ">
            <subfield code="a">tekst</subfield>
            <subfield code="0">http://rdaregistry.info/termList/RDAContentType/1020</subfield>
        </datafield>
        <datafield tag="337" ind1=" " ind2=" ">
            <subfield code="a">datamaskin</subfield>
            <subfield code="0">http://rdaregistry.info/termList/RDAMediaType/1003</subfield>
        </datafield>
        <datafield tag="338" ind1=" " ind2=" ">
            <subfield code="a">online ressurs</subfield>
            <subfield code="0">http://rdaregistry.info/termList/RDACarrierType/1018</subfield>
        </datafield>
        <datafield tag="347" ind1=" " ind2=" ">
            <subfield code="a">data file</subfield>
            <subfield code="2">rda</subfield>
        </datafield>
        <datafield tag="380" ind1=" " ind2=" ">
            <subfield code="a">Språkbasert verk</subfield>
            <subfield code="1">https://schema.nb.no/Bibliographic/Values/V1000</subfield>
        </datafield>
        <datafield tag="490" ind1="1" ind2=" ">
            <subfield code="a">Routledge interdisciplinary perspectives on literature ;</subfield>
            <subfield code="v">11</subfield>
        </datafield>
        <datafield tag="500" ind1=" " ind2=" ">
            <subfield code="a">Description based upon print version of record.</subfield>
        </datafield>
        <datafield tag="505" ind1="8" ind2=" ">
            <subfield code="a">Front Cover; Eugenics, Literature and Culture in Post-war Britain; Copyright Page; Contents; List of Figures; Acknowledgements; Introduction; 1 Eugenics and the Meritocracy; 2 Defective Humans: Mental Deficiency in Post-war Britain; 3 Genetics and Eugenics; 4 Race and the Body Politic; 5 Population Control; 6 Afterword; Notes; Selected Bibliography; Index</subfield>
        </datafield>
        <datafield tag="520" ind1=" " ind2=" ">
            <subfield code="a">This book explores eugenics in its wider social context and in literary representations in post-war Britain. Drawing on a wide range of sources in medicine, social and educational policy, genetics, popular science, science fiction, and literary texts, Hanson tracks the dynamic interactions between eugenic ideas across diverse cultural fields, demonstrating the strength of the eugenic imagination. Challenging assumptions that eugenics was fatally compromised by its association with Nazi atrocities, or that it petered out in the context of changed social attitudes in an egalitarian post-war society, the book demonstrates that eugenic thought not only persisted after 1945, but became more prominent. Throughout, eugenics is defined as a cultural movement, rather than more narrowly as a science, and the study is focused on its border-crossing capacity as a 'style of thought.' By tracing the expression of eugenic ideas across disciplinary boundaries and in both high and low culture, this book demonstrates the powerful and pervasive influence of eugenics in the post-war years. Authors visited include Raymond Williams, John Braine, Agatha Christie, Muriel Spark, Anthony Burgess, Doris Lessing, and J.G. Ballard.</subfield>
        </datafield>
        <datafield tag="648" ind1=" " ind2="7">
            <subfield code="a">1945-</subfield>
            <subfield code="0">https://id.kb.se/term/sao/1945-</subfield>
            <subfield code="2">sao</subfield>
        </datafield>
        <datafield tag="776" ind1="0" ind2="8">
            <subfield code="i">Print:</subfield>
            <subfield code="a">Hanson, Clare</subfield>
            <subfield code="t">Eugenics, Literature, and Culture in Post-war Britain</subfield>
            <subfield code="d">2012</subfield>
            <subfield code="z">9780415806985</subfield>
        </datafield>
        <datafield tag="830" ind1=" " ind2="0">
            <subfield code="a">Routledge interdisciplinary perspectives on literature ;</subfield>
            <subfield code="v">11</subfield>
        </datafield>
    </record>