
    <record>
        <leader>04080nam a2200409 i 4500</leader>
        <controlfield tag="001">019229217</controlfield>
        <controlfield tag="003">Uk</controlfield>
        <controlfield tag="005">20190213145019.0</controlfield>
        <controlfield tag="008">170711s2017    ilu      b   s001 0 eng  </controlfield>
        <datafield tag="010" ind1=" " ind2=" ">
            <subfield code="a">  2017017824</subfield>
        </datafield>
        <datafield tag="020" ind1=" " ind2=" ">
            <subfield code="a">9780252041433</subfield>
            <subfield code="q">(hardback : acid-free paper)</subfield>
        </datafield>
        <datafield tag="020" ind1=" " ind2=" ">
            <subfield code="a">9780252082955</subfield>
            <subfield code="q">(paperback)</subfield>
        </datafield>
        <datafield tag="020" ind1=" " ind2=" ">
            <subfield code="z">9780252050039 (e-book)</subfield>
        </datafield>
        <datafield tag="043" ind1=" " ind2=" ">
            <subfield code="a">e-uk-en</subfield>
        </datafield>
        <datafield tag="082" ind1="0" ind2="0">
            <subfield code="a">823/.914</subfield>
            <subfield code="2">23</subfield>
        </datafield>
        <datafield tag="100" ind1="1" ind2=" ">
            <subfield code="a">Wilson, D. Harlan</subfield>
            <subfield code="4">aut</subfield>
            <subfield code="1">http://viaf.org/viaf/162176817</subfield>
            <subfield code="4">http://rdaregistry.info/Elements/w/object/P10061</subfield>
        </datafield>
        <datafield tag="240" ind1=" " ind2=" ">
            <subfield code="a">J. G. Ballard</subfield>
            <subfield code="1">http://viaf.org/viaf/162176817/jgballard</subfield>
        </datafield>
        <datafield tag="245" ind1="1" ind2="0">
            <subfield code="a">J. G. Ballard /</subfield>
            <subfield code="c">D. Harlan Wilson.</subfield>
        </datafield>
        <datafield tag="264" ind1=" " ind2="1">
            <subfield code="a">Urbana :</subfield>
            <subfield code="b">University of Illinois Press,</subfield>
            <subfield code="c">2017.</subfield>
        </datafield>
        <datafield tag="300" ind1=" " ind2=" ">
            <subfield code="a">x, 197 pages ;</subfield>
            <subfield code="c">24 cm.</subfield>
        </datafield>
        <datafield tag="336" ind1=" " ind2=" ">
            <subfield code="a">text</subfield>
            <subfield code="b">txt</subfield>
            <subfield code="2">rdacontent</subfield>
            <subfield code="0">http://rdaregistry.info/termList/RDAContentType/1020</subfield>
        </datafield>
        <datafield tag="337" ind1=" " ind2=" ">
            <subfield code="a">unmediated</subfield>
            <subfield code="b">n</subfield>
            <subfield code="2">rdamedia</subfield>
            <subfield code="0">http://rdaregistry.info/termList/RDAMediaType/1007</subfield>
        </datafield>
        <datafield tag="338" ind1=" " ind2=" ">
            <subfield code="a">volume</subfield>
            <subfield code="b">nc</subfield>
            <subfield code="2">rdacarrier</subfield>
            <subfield code="0">http://rdaregistry.info/termList/RDACarrierType/1049</subfield>
        </datafield>
        <datafield tag="490" ind1="0" ind2=" ">
            <subfield code="a">Modern masters of science fiction</subfield>
        </datafield>
        <datafield tag="504" ind1=" " ind2=" ">
            <subfield code="a">Includes bibliographical references and index.</subfield>
        </datafield>
        <datafield tag="520" ind1=" " ind2=" ">
            <subfield code="a">"In a long and productive career J. G. Ballard (1930-2009) achieved his greatest fame late in life when two of his novels, Crash (1973) and Empire of the Sun (1984) were made into acclaimed and award winning films. But he made his start as a science fiction writer, and throughout his life kept returning to sf genres, tweaking and reinventing them, often with a dystopian cast. The Drowned World (1962) is set in a future that eerily foresaw possible consequences of global warming, with London underwater. The Drought (1965) portrays a desertified earth. The Crystal World (1966) imagines the jungles of Africa attacked by a disease that leads them to take in too many minerals, petrifying them, and the disease spreads from species to species. In these and other novels his main attention has been to how different characters deal with disasters that cannot be overcome. He was declared to be "the voice" of New Wave sf by his famous editor, Michael Moorcock, and is widely honored for his psychological exploration of people under extreme stress. In his concrete trilogy--Crash (1973), Concrete Island (1974), and High-Rise (1975)--Ballard took on another major sf theme: technology and human dependence upon it. Again his palette was dark and his plots combustible"--</subfield>
            <subfield code="c">Provided by publisher.</subfield>
        </datafield>
        <datafield tag="520" ind1=" " ind2=" ">
            <subfield code="a">"Prophetic short stories and apocalyptic novels like The Crystal World made J. G. Ballard a foundational figure in the British New Wave. Rejecting the science fiction of rockets and aliens, he explored an inner space of humanity informed by psychiatry and biology and shaped by Surrealism. Later in his career, Ballard's combustible plots and violent imagery spurred controversy--even legal action--while his autobiographical 1984 war novel Empire of the Sun brought him fame. D. Harlan Wilson offers the first career-spanning analysis of an author who helped steer SF in new, if startling, directions. Here was a writer committed to moral ambiguity, one who drowned the world and erected a London high-rise doomed to descend into savagery--and coolly picked apart the characters trapped within each story. Wilson also examines Ballard's methods, his influence on cyberpunk, and the ways his fiction operates within the sphere of our larger culture and within SF itself"--</subfield>
            <subfield code="c">Provided by publisher.</subfield>
        </datafield>
        <datafield tag="530" ind1=" " ind2=" ">
            <subfield code="a">Also published electronically.</subfield>
        </datafield>
        <datafield tag="600" ind1="1" ind2="0">
            <subfield code="a">Ballard, J. G.</subfield>
            <subfield code="d">1930-2009</subfield>
            <subfield code="x">Criticism and interpretation</subfield>
            <subfield code="1">http://viaf.org/viaf/9842556</subfield>
        </datafield>
        <datafield tag="776" ind1="0" ind2="8">
            <subfield code="i">Online version:</subfield>
            <subfield code="a">Wilson, D. Harlan</subfield>
            <subfield code="t">J. G. Ballard</subfield>
            <subfield code="w">(DLC) 2017033297</subfield>
            <subfield code="d">Urbana : University of Illinois Press, 2017</subfield>
            <subfield code="z">9780252050039</subfield>
        </datafield>
    </record>