
    <record>
        <leader>02320cam a22003373a 4500</leader>
        <controlfield tag="001">14700725</controlfield>
        <controlfield tag="003">SE-LIBR</controlfield>
        <controlfield tag="005">20181030230000.0</controlfield>
        <controlfield tag="008">130910t20122005nyu||||e||||||000 j|eng|c</controlfield>
        <datafield tag="020" ind1=" " ind2=" ">
            <subfield code="a">9780715641576</subfield>
        </datafield>
        <datafield tag="020" ind1=" " ind2=" ">
            <subfield code="a">9781590207277</subfield>
        </datafield>
        <datafield tag="041" ind1=" " ind2=" ">
            <subfield code="a">eng</subfield>
        </datafield>
        <datafield tag="082" ind1="0" ind2="4">
            <subfield code="a">813.0108</subfield>
            <subfield code="2">22 (machine generated)</subfield>
        </datafield>
        <datafield tag="245" ind1="1" ind2="4">
            <subfield code="a">The garden of reading :</subfield>
            <subfield code="b">contemporary short fiction about gardens and gardeners /</subfield>
            <subfield code="c">edited by Michele Slung.</subfield>
        </datafield>
        <datafield tag="264" ind1=" " ind2="1">
            <subfield code="a">New York :</subfield>
            <subfield code="b">Overlook Duckworth,</subfield>
            <subfield code="c">2012, c2005.</subfield>
        </datafield>
        <datafield tag="264" ind1=" " ind2="1">
            <subfield code="c">2012</subfield>
        </datafield>
        <datafield tag="300" ind1=" " ind2=" ">
            <subfield code="a">270 pages</subfield>
            <subfield code="c">20 cm.</subfield>
        </datafield>
        <datafield tag="336" ind1=" " ind2=" ">
            <subfield code="a">text</subfield>
            <subfield code="2">rdacontent</subfield>
            <subfield code="0">http://rdaregistry.info/termList/RDAContentType/1020</subfield>
        </datafield>
        <datafield tag="337" ind1=" " ind2=" ">
            <subfield code="a">unmediated</subfield>
            <subfield code="2">rdamedia</subfield>
            <subfield code="0">http://rdaregistry.info/termList/RDAMediaType/1007</subfield>
        </datafield>
        <datafield tag="338" ind1=" " ind2=" ">
            <subfield code="a">volume</subfield>
            <subfield code="2">rdacarrier</subfield>
            <subfield code="0">http://rdaregistry.info/termList/RDACarrierType/1049</subfield>
        </datafield>
        <datafield tag="380" ind1=" " ind2=" ">
            <subfield code="a">Språkbasert verk</subfield>
            <subfield code="1">https://schema.nb.no/Bibliographic/Values/V1000</subfield>
        </datafield>
        <datafield tag="500" ind1=" " ind2=" ">
            <subfield code="a">First published in 2005.</subfield>
        </datafield>
        <datafield tag="520" ind1=" " ind2=" ">
            <subfield code="a">Short Stories. The perfect book for the literary garderner, including works by Garrison Keillor, James Thurber, Stephen King, and Doris LessingMichele Slung has collected an enchantingly rich bouquet of captivating, memorable, and frequently surprising stories about gardening. Eudora Welty, James Thurber, Doris Lessing, Lisa St. Aubin, Saki, V.S. Prichett, Colette, and Robert Graves are included, along with unexpected finds from Stephen King, J.G. Ballard, Sandra Cisneros, Jane Smiley, and Garrison Keillor, among others. The gardens featured in these stories are both cultivated and wild, while the gardeners can be lethal, lazy, rueful, or philandering. There are moments of nearly overpowering sensuousness, and there are moments of tenderness that will touch your heart.Whether you've nurtured a solitary houseplant on a windowsill, acres of glorious blooming flowerbeds, or simply a bright gleam of imagination, The Garden of Reading will remind you of the magic and wonder of the world around us.</subfield>
        </datafield>
        <datafield tag="700" ind1="1" ind2=" ">
            <subfield code="a">Slung, Michele B.</subfield>
            <subfield code="d">1947-</subfield>
            <subfield code="4">edt</subfield>
            <subfield code="4">edc</subfield>
            <subfield code="4">http://rdaregistry.info/Elements/m/object/P30267</subfield>
        </datafield>
    </record>