
    <record>
        <leader>01340cam a2200289 c 4500</leader>
        <controlfield tag="001">990000068664702201</controlfield>
        <controlfield tag="003">BIBSYS</controlfield>
        <controlfield tag="005">20191115142456.0</controlfield>
        <controlfield tag="007">ta</controlfield>
        <controlfield tag="008">150206s1999    xx#|||||||||||000|u|eng|d</controlfield>
        <datafield tag="020" ind1=" " ind2=" ">
            <subfield code="a">0967530008</subfield>
            <subfield code="q">h.</subfield>
        </datafield>
        <datafield tag="245" ind1="1" ind2="0">
            <subfield code="a">Richard Patterson :</subfield>
            <subfield code="b">new paintings</subfield>
            <subfield code="c">with a short story by J.G. Ballard</subfield>
        </datafield>
        <datafield tag="260" ind1=" " ind2=" ">
            <subfield code="a">New York</subfield>
            <subfield code="b">James Cohan Gallery</subfield>
            <subfield code="c">1999</subfield>
        </datafield>
        <datafield tag="300" ind1=" " ind2=" ">
            <subfield code="a">47 s.</subfield>
            <subfield code="b">illustrations.</subfield>
        </datafield>
        <datafield tag="336" ind1=" " ind2=" ">
            <subfield code="a">tekst</subfield>
            <subfield code="0">http://rdaregistry.info/termList/RDAContentType/1020</subfield>
        </datafield>
        <datafield tag="337" ind1=" " ind2=" ">
            <subfield code="a">uformidlet</subfield>
            <subfield code="0">http://rdaregistry.info/termList/RDAMediaType/1007</subfield>
        </datafield>
        <datafield tag="338" ind1=" " ind2=" ">
            <subfield code="a">bind</subfield>
            <subfield code="0">http://rdaregistry.info/termList/RDACarrierType/1049</subfield>
        </datafield>
        <datafield tag="380" ind1=" " ind2=" ">
            <subfield code="a">Språkbasert verk</subfield>
            <subfield code="1">https://schema.nb.no/Bibliographic/Values/V1000</subfield>
        </datafield>
        <datafield tag="500" ind1=" " ind2=" ">
            <subfield code="a">"... published to accompany an exhibition of new paintings by Richard Patterson at James Cohan Gallery ... New York, from October 22 to November 27, 1999" - Kolofonsiden</subfield>
        </datafield>
        <datafield tag="600" ind1="1" ind2="7">
            <subfield code="a">Patterson, Richard</subfield>
            <subfield code="0">(NO-TrBIB)90507137</subfield>
            <subfield code="2">bare</subfield>
            <subfield code="1">http://viaf.org/viaf/37747070</subfield>
        </datafield>
        <datafield tag="600" ind1="1" ind2="7">
            <subfield code="a">Patterson, Richard</subfield>
            <subfield code="d">1963-</subfield>
            <subfield code="2">aatnor</subfield>
        </datafield>
        <datafield tag="700" ind1="1" ind2="2">
            <subfield code="a">Ballard, J. G.</subfield>
            <subfield code="d">1930-2009</subfield>
            <subfield code="0">(NO-TrBIB)90199005</subfield>
            <subfield code="t">The Overloaded Man</subfield>
            <subfield code="1">http://www.isfdb.org/cgi-bin/title.cgi?57613</subfield>
        </datafield>
        <datafield tag="710" ind1="2" ind2=" ">
            <subfield code="a">James Cohan Gallery</subfield>
            <subfield code="0">(NO-TrBIB)43554</subfield>
        </datafield>
    </record>