
    <record>
        <leader>03567cam a22004338i 4500</leader>
        <controlfield tag="001">22395332</controlfield>
        <controlfield tag="003">LC</controlfield>
        <controlfield tag="005">20220310130007.0</controlfield>
        <controlfield tag="006">m    |o  d |     </controlfield>
        <controlfield tag="007">cr_|||||||||||</controlfield>
        <controlfield tag="008">220119s2022    mdu     ob    001 0 eng  </controlfield>
        <datafield tag="010" ind1=" " ind2=" ">
            <subfield code="a">  2022001942</subfield>
        </datafield>
        <datafield tag="020" ind1=" " ind2=" ">
            <subfield code="a">9781666901825</subfield>
            <subfield code="q">(ebook)</subfield>
        </datafield>
        <datafield tag="020" ind1=" " ind2=" ">
            <subfield code="z">9781666901818</subfield>
            <subfield code="q">(cloth)</subfield>
        </datafield>
        <datafield tag="082" ind1="0" ind2="0">
            <subfield code="a">809/.933628</subfield>
            <subfield code="2">23/eng/20220124</subfield>
        </datafield>
        <datafield tag="245" ind1="0" ind2="0">
            <subfield code="a">Avian aesthetics in literature and culture :</subfield>
            <subfield code="b">birds and humans in the popular imagination /</subfield>
            <subfield code="c">edited by Danette DiMarco and Timothy Ruppert.</subfield>
        </datafield>
        <datafield tag="263" ind1=" " ind2=" ">
            <subfield code="a">2204</subfield>
        </datafield>
        <datafield tag="264" ind1=" " ind2="1">
            <subfield code="a">Lanham :</subfield>
            <subfield code="b">Lexington Books,</subfield>
            <subfield code="c">[2022]</subfield>
        </datafield>
        <datafield tag="300" ind1=" " ind2=" ">
            <subfield code="a">1 online resource</subfield>
        </datafield>
        <datafield tag="336" ind1=" " ind2=" ">
            <subfield code="a">text</subfield>
            <subfield code="b">txt</subfield>
            <subfield code="2">rdacontent</subfield>
            <subfield code="0">http://rdaregistry.info/termList/RDAContentType/1020</subfield>
        </datafield>
        <datafield tag="337" ind1=" " ind2=" ">
            <subfield code="a">computer</subfield>
            <subfield code="b">c</subfield>
            <subfield code="2">rdamedia</subfield>
            <subfield code="0">http://rdaregistry.info/termList/RDAMediaType/1003</subfield>
        </datafield>
        <datafield tag="338" ind1=" " ind2=" ">
            <subfield code="a">online resource</subfield>
            <subfield code="b">cr</subfield>
            <subfield code="2">rdacarrier</subfield>
            <subfield code="0">http://rdaregistry.info/termList/RDACarrierType/1018</subfield>
        </datafield>
        <datafield tag="347" ind1=" " ind2=" ">
            <subfield code="a">data file</subfield>
            <subfield code="2">rda</subfield>
        </datafield>
        <datafield tag="490" ind1="0" ind2=" ">
            <subfield code="a">Ecocritical theory and practice</subfield>
        </datafield>
        <datafield tag="504" ind1=" " ind2=" ">
            <subfield code="a">Includes bibliographical references and index.</subfield>
        </datafield>
        <datafield tag="505" ind1="0" ind2=" ">
            <subfield code="a">Section 1: The Avian-ness of Aesthetics -- Birdwatching and Wordwatching: The Avian Aesthetics of Virginia Woolf's Mrs Dalloway / Jemma Deer -- Birds as Character, Motif, Allusion, and Symbol in Meir Shalev's A Pigeon and a Boy / Laura Major -- "With An Aviary Inside Its Head": Surrealist Sensibilities and Avian Ontologies in the Work of J. G. Ballard and Ted Hughes / Declan Lloyd -- The Optimism of Flight: Magical Realism in Little Nemo in Slumberland / Mark O'Connor -- Section 2: Writing About/Like Birds -- The Fate of Birds in Anatole France's Penguin Island / Timothy Ruppert -- Of Curlews and Crows: Representations of Avian Cognition in North American Animal Stories / Jennifer Schell -- What is it like to write (like) a bird?: Rethinking Literary Practice to Support Avian Subjectivity / Joshua Lobb -- Margaret Atwood's Bird Narratives / Danette DiMarco -- Section 3: Entangled Worlds -- The Peregrine: At the Intersection of Ecocriticism and New Nature Writing / Debarati Bandyopadhyay -- Helen Macdonald, T. H. White, and Hawks: H is [also] for History / Louis J. Boyle -- Across So Wide a Sea: Humans, Seabirds, and the Kinship of Mortality / Keri Stevenson -- Collisions in Contemporary American Poetry / Calista McRae -- Section 4: Consumers Consuming Birds -- "Their Little Brethren of the Air": Rhetoric of Youth Birding in the United States, 1890s-Present / Laura McGrath -- Birds Aren't Real: Narrative and Aesthetic Irony in For-Profit Conspiracy / Lauren Shoemaker -- Laying Eggs: Ludothematic Resonance and the Birds of Wingspan / Christopher Moore.</subfield>
        </datafield>
        <datafield tag="520" ind1=" " ind2=" ">
            <subfield code="a">"Avian Aesthetics in Literature and Culture challenges species centrism through essays that bridge various environment-focused perspectives and methodologies"--</subfield>
            <subfield code="c">Provided by publisher.</subfield>
        </datafield>
        <datafield tag="588" ind1=" " ind2=" ">
            <subfield code="a">Description based on print version record and CIP data provided by publisher; resource not viewed.</subfield>
        </datafield>
        <datafield tag="700" ind1="1" ind2=" ">
            <subfield code="a">DiMarco, Danette</subfield>
            <subfield code="e">editor</subfield>
            <subfield code="4">edt</subfield>
            <subfield code="4">http://rdaregistry.info/Elements/m/object/P30267</subfield>
        </datafield>
        <datafield tag="700" ind1="1" ind2=" ">
            <subfield code="a">Ruppert, Timothy</subfield>
            <subfield code="d">1969-</subfield>
            <subfield code="e">editor</subfield>
            <subfield code="4">edt</subfield>
            <subfield code="4">http://rdaregistry.info/Elements/m/object/P30267</subfield>
        </datafield>
        <datafield tag="776" ind1="0" ind2="8">
            <subfield code="i">Print version:</subfield>
            <subfield code="t">Avian aesthetics in literature and culture</subfield>
            <subfield code="d">Lanham : Lexington Books, [2022]</subfield>
            <subfield code="z">9781666901818</subfield>
            <subfield code="w">(DLC) 2022001941</subfield>
        </datafield>
    </record>