
    <record>
        <leader>02613cam a2200277 i 4500</leader>
        <controlfield tag="001">20497066</controlfield>
        <controlfield tag="003">LC</controlfield>
        <controlfield tag="005">20180601135838.0</controlfield>
        <controlfield tag="008">171117s2018    cau           000 1 eng c</controlfield>
        <datafield tag="010" ind1=" " ind2=" ">
            <subfield code="a">  2017049970</subfield>
        </datafield>
        <datafield tag="020" ind1=" " ind2=" ">
            <subfield code="a">9781684124220 (softcover)</subfield>
        </datafield>
        <datafield tag="082" ind1="0" ind2="0">
            <subfield code="a">808.8/03584053</subfield>
            <subfield code="2">23</subfield>
        </datafield>
        <datafield tag="245" ind1="0" ind2="0">
            <subfield code="a">Classic stories of World War II.</subfield>
        </datafield>
        <datafield tag="264" ind1=" " ind2="1">
            <subfield code="a">San Diego, CA :</subfield>
            <subfield code="b">Word Cloud Classics,</subfield>
            <subfield code="c">[2018]</subfield>
        </datafield>
        <datafield tag="300" ind1=" " ind2=" ">
            <subfield code="a">256 pages ;</subfield>
            <subfield code="c">20 cm</subfield>
        </datafield>
        <datafield tag="336" ind1=" " ind2=" ">
            <subfield code="a">text</subfield>
            <subfield code="b">txt</subfield>
            <subfield code="2">rdacontent</subfield>
            <subfield code="0">http://rdaregistry.info/termList/RDAContentType/1020</subfield>
        </datafield>
        <datafield tag="337" ind1=" " ind2=" ">
            <subfield code="a">unmediated</subfield>
            <subfield code="b">n</subfield>
            <subfield code="2">rdamedia</subfield>
            <subfield code="0">http://rdaregistry.info/termList/RDAMediaType/1007</subfield>
        </datafield>
        <datafield tag="338" ind1=" " ind2=" ">
            <subfield code="a">volume</subfield>
            <subfield code="b">nc</subfield>
            <subfield code="2">rdacarrier</subfield>
            <subfield code="0">http://rdaregistry.info/termList/RDACarrierType/1049</subfield>
        </datafield>
        <datafield tag="380" ind1=" " ind2=" ">
            <subfield code="a">Fiction</subfield>
        </datafield>
        <datafield tag="505" ind1="0" ind2=" ">
            <subfield code="a">A perfect morning (from The Young Lions) / Irwin Shaw -- Lunghua camp (from Empire of the Sun) / J. G. Ballard -- The big day (from From Here to Eternity) / James Jones -- The landing on Kuralei (from Tales of the South Pacific) / James A. Michener -- Shall live for a ghost? (from The Last Enemy) / Richard Hillary -- Billy Pilgrim (from Slaughterhouse Five) / Kurt Vonnegut -- Battalion in defence (from Officers and Gentlemen) / Evelyn Waugh -- Anopopei (from The Naked and the Dead) / Norman Mailer -- Some were unlucky (from Enemy Coast Ahead) / Guy Gibson, VC -- Major major major major (from Catch-22) / Joseph Heller -- The invasion of Papua (from Retreat from Kokoda) / Raymond Paull -- Stalingrad : the story of the battle (from Stalingrad : Point of Return) / Ronald Seth -- The White Mouse and the Maquis d'Auvergne (from The White Mouse) / Nancy Wake -- The invaders (from The Moon is Down) / John Steinbeck -- The blooding of the compass rose (from The Cruel Sea) / Nicholas Monsarrat -- Hiroshima : the fire (from Hiroshima / John Hersey.</subfield>
        </datafield>
        <datafield tag="520" ind1=" " ind2=" ">
            <subfield code="a">"World War II brought grief and destruction, but it also inspired some of the most impassioned literature in history. Classic Stories of World War II includes excerpts from novels such as James Jones's From Here to Eternity and Joseph Heller's Catch-22, as well as real-life accounts of the Battle of Britain by Guy Gibson and the exploits of the French Resistance by Nancy Wake. More than a dozen riveting stories of the war from esteemed authors are featured, providing the reader with a rich variety of perspectives that will bring a new understanding of this global conflict"--</subfield>
            <subfield code="c">Provided by publisher.</subfield>
        </datafield>
    </record>