
    <record>
        <leader>03704cam a2200325 a 4500</leader>
        <controlfield tag="001">13766087</controlfield>
        <controlfield tag="003">LC</controlfield>
        <controlfield tag="005">20081112171843.0</controlfield>
        <controlfield tag="008">041029s2005    mau      b    001 0 eng  </controlfield>
        <datafield tag="010" ind1=" " ind2=" ">
            <subfield code="a">  2004025185</subfield>
        </datafield>
        <datafield tag="016" ind1="7" ind2=" ">
            <subfield code="a">013106313</subfield>
            <subfield code="2">Uk</subfield>
        </datafield>
        <datafield tag="020" ind1=" " ind2=" ">
            <subfield code="a">1405112182 (acid-free paper)</subfield>
        </datafield>
        <datafield tag="082" ind1="0" ind2="0">
            <subfield code="a">809.3/8762</subfield>
            <subfield code="2">22</subfield>
        </datafield>
        <datafield tag="245" ind1="0" ind2="2">
            <subfield code="a">A companion to science fiction /</subfield>
            <subfield code="c">edited by David Seed.</subfield>
        </datafield>
        <datafield tag="260" ind1=" " ind2=" ">
            <subfield code="a">Malden, MA :</subfield>
            <subfield code="b">Blackwell Pub.,</subfield>
            <subfield code="c">2005.</subfield>
        </datafield>
        <datafield tag="300" ind1=" " ind2=" ">
            <subfield code="a">xvi, 612 pages ;</subfield>
            <subfield code="c">26 cm.</subfield>
        </datafield>
        <datafield tag="336" ind1=" " ind2=" ">
            <subfield code="a">text</subfield>
            <subfield code="2">rdacontent</subfield>
            <subfield code="0">http://rdaregistry.info/termList/RDAContentType/1020</subfield>
        </datafield>
        <datafield tag="337" ind1=" " ind2=" ">
            <subfield code="a">unmediated</subfield>
            <subfield code="2">rdamedia</subfield>
            <subfield code="0">http://rdaregistry.info/termList/RDAMediaType/1007</subfield>
        </datafield>
        <datafield tag="338" ind1=" " ind2=" ">
            <subfield code="a">volume</subfield>
            <subfield code="2">rdacarrier</subfield>
            <subfield code="0">http://rdaregistry.info/termList/RDACarrierType/1049</subfield>
        </datafield>
        <datafield tag="380" ind1=" " ind2=" ">
            <subfield code="a">Språkbasert verk</subfield>
            <subfield code="1">https://schema.nb.no/Bibliographic/Values/V1000</subfield>
        </datafield>
        <datafield tag="440" ind1=" " ind2="0">
            <subfield code="a">Blackwell companions to literature and culture ;</subfield>
            <subfield code="v">34</subfield>
        </datafield>
        <datafield tag="504" ind1=" " ind2=" ">
            <subfield code="a">Includes bibliographical references and index.</subfield>
        </datafield>
        <datafield tag="505" ind1="0" ind2=" ">
            <subfield code="a">Introduction : Approaching science fiction -- pt. I. Surveying the field.  Hard reading : the hard reading : the challenges of science fiction / Tom Shippey -- The origins of science fiction / George Slusser -- Science fiction/criticism / Istvan Csicsery-Ronay, Jr. -- Science-fiction magazines : the crucibles of change / MIke Ashley -- pt. II. Topics and debates.  Utopia / Phillip E. Wegner -- Science, fiction and religion / Stephen R.L. Clark -- "Monsters of the imagination" : Gothic,science, fiction / Fred Botting -- Science fiction and ecology / Brian Stableford -- Feminist fabulation / Marleen S. Barr -- Time and identity in feminist science fiction / Jenny Wolmark -- Science fiction and the Cold War / M. Keith Booker -- pt. III. Genres and movements.  Hard science fiction / Gary Westfahl -- The new wave / Rob Latham -- Cyberpunk / Mark Bould -- Science fiction and postmodernism / Veronica Hollinger -- The renewal of "hard" science fiction / Donald M. Hassler -- pt. IV. Science fiction film.  American science fiction film : an overview / Vivian Sobchack -- Figurations of the cyborg in contemporary science fiction novels and fiction / Christine Cornea -- British television science fiction / Peter Wright -- pt. V. The international scene.  Canadian science fiction / Douglas Barbour -- Japanese and Asian science fiction / Takayuki Tatsumi -- Australian science fiction / Van Ikin and Sean McMullen --</subfield>
        </datafield>
        <datafield tag="505" ind1="0" ind2=" ">
            <subfield code="a">pt. VI. Key writers.  The grandeur of H.G. Wells / Robert Crossley -- Isaac Asimov / John Clute -- John Wyndham : the facts of life sextet / David Ketterer -- Philip Dick / Christopher Palmer -- Samuel Delaney : a biographical and critical overview / Carl Freedman -- Ursula K. Le Guin /  Warren G. Rochelle -- Gwyneth Jones anxietiesanxities of science fiction / Andy Sawyer -- Arthur C. Clarke / Edward James -- Greg Egan / Russell Blackford -- pt. VII. Readings.  Mary Shelley : Frankenstein : or, the modern Prometheus / Susan E. Lederer and Richard M. Ratzan -- Charlotte Perkins Gilman : Herland / Jill Rudd -- Aldous Huxley : Brave new world / David Seed -- Ray Bradbury : Fahrenheit 451 / Brian Baker -- Joanna Russ : The female man / Jeanne Cortiel -- J.G. Ballard : Crash / Roger Luckhurst -- Margaret Atwood : The handmaid's tale / Faye Hammill -- William Gibson : Neuromancer / Andrew M. Butler -- Kim Stanley Robinson : Mars trilogy / Carol Franko -- Iain M. Banks : Excession / Farah Mendlesohn.</subfield>
        </datafield>
        <datafield tag="700" ind1="1" ind2=" ">
            <subfield code="a">Seed, David</subfield>
            <subfield code="4">edc</subfield>
            <subfield code="e">4dt</subfield>
        </datafield>
    </record>