
    <record>
        <leader>02675cam a2200421 a 4500</leader>
        <controlfield tag="001">1958324</controlfield>
        <controlfield tag="003">LC</controlfield>
        <controlfield tag="005">20021015084124.0</controlfield>
        <controlfield tag="008">871124s1980    enk           000 1 eng  </controlfield>
        <datafield tag="010" ind1=" " ind2=" ">
            <subfield code="a">   87205519 </subfield>
        </datafield>
        <datafield tag="020" ind1=" " ind2=" ">
            <subfield code="a">0575028386</subfield>
        </datafield>
        <datafield tag="082" ind1="0" ind2="0">
            <subfield code="a">813/.0876/08</subfield>
            <subfield code="2">19</subfield>
        </datafield>
        <datafield tag="245" ind1="0" ind2="0">
            <subfield code="a">Constellations :</subfield>
            <subfield code="b">stories of the future /</subfield>
            <subfield code="c">edited by Malcolm Edwards.</subfield>
        </datafield>
        <datafield tag="260" ind1=" " ind2=" ">
            <subfield code="a">London :</subfield>
            <subfield code="b">V. Gollancz,</subfield>
            <subfield code="c">1980.</subfield>
        </datafield>
        <datafield tag="300" ind1=" " ind2=" ">
            <subfield code="a">188 pages ;</subfield>
            <subfield code="c">21 cm.</subfield>
        </datafield>
        <datafield tag="336" ind1=" " ind2=" ">
            <subfield code="a">text</subfield>
            <subfield code="2">rdacontent</subfield>
            <subfield code="0">http://rdaregistry.info/termList/RDAContentType/1020</subfield>
        </datafield>
        <datafield tag="337" ind1=" " ind2=" ">
            <subfield code="a">unmediated</subfield>
            <subfield code="2">rdamedia</subfield>
            <subfield code="0">http://rdaregistry.info/termList/RDAMediaType/1007</subfield>
        </datafield>
        <datafield tag="338" ind1=" " ind2=" ">
            <subfield code="a">volume</subfield>
            <subfield code="2">rdacarrier</subfield>
            <subfield code="0">http://rdaregistry.info/termList/RDACarrierType/1049</subfield>
        </datafield>
        <datafield tag="380" ind1=" " ind2=" ">
            <subfield code="a">Språkbasert verk</subfield>
            <subfield code="1">https://schema.nb.no/Bibliographic/Values/V1000</subfield>
        </datafield>
        <datafield tag="505" ind1="0" ind2=" ">
            <subfield code="a">Light of other days / Bob Shaw -- A pail of air / Fritz Leiber -- Beyond lies the wub / Philip K. Dick -- Let's go to Golgotha / Garry Kilworth -- Of mist, and grass, and sand / Vonda N. McIntyre -- Harrison Bergeron / Kurt Vonnegut, Jr. -- Rescue operation / Harry Harrison -- It's a good life / Jerome Bixby -- Mister da V / Kit Reed -- Billenium / J.G. Ballard -- The store of the worlds / Robert Sheckley -- The wind from the sun / Arthur C. Clarke.</subfield>
        </datafield>
        <datafield tag="700" ind1="1" ind2=" ">
            <subfield code="a">Edwards, Malcolm</subfield>
            <subfield code="d">1949-</subfield>
            <subfield code="4">edt</subfield>
            <subfield code="e">dc</subfield>
            <subfield code="4">http://rdaregistry.info/Elements/m/object/P30267</subfield>
        </datafield>
        <datafield tag="700" ind1="0" ind2="2">
            <subfield code="a">Shaw, Bob</subfield>
            <subfield code="t">Light of other days</subfield>
            <subfield code="1">http://www.isfdb.org/cgi-bin/title.cgi?41206</subfield>
        </datafield>
        <datafield tag="700" ind1="0" ind2="2">
            <subfield code="a">Leiber, Fritz</subfield>
            <subfield code="t">A pail of air</subfield>
            <subfield code="1">http://www.isfdb.org/cgi-bin/title.cgi?37588</subfield>
        </datafield>
        <datafield tag="700" ind1="0" ind2="2">
            <subfield code="a">Dick, Philip K.</subfield>
            <subfield code="t">Beyond lies the wub</subfield>
            <subfield code="1">http://www.isfdb.org/cgi-bin/title.cgi?41613</subfield>
        </datafield>
        <datafield tag="700" ind1="0" ind2="2">
            <subfield code="a">Kilworth, Garry</subfield>
            <subfield code="t">Let's go to Golgotha</subfield>
            <subfield code="1">http://www.isfdb.org/cgi-bin/title.cgi?82634</subfield>
        </datafield>
        <datafield tag="700" ind1="0" ind2="2">
            <subfield code="a">McIntyre, Vonda N.</subfield>
            <subfield code="t">Of mist, and grass, and sand</subfield>
            <subfield code="1">http://www.isfdb.org/cgi-bin/title.cgi?51125</subfield>
        </datafield>
        <datafield tag="700" ind1="0" ind2="2">
            <subfield code="a">Kurt Vonnegut, Jr</subfield>
            <subfield code="t">Harrison Bergeron</subfield>
            <subfield code="1">http://www.isfdb.org/cgi-bin/title.cgi?41335</subfield>
        </datafield>
        <datafield tag="700" ind1="0" ind2="2">
            <subfield code="a">Harrison, Harry</subfield>
            <subfield code="t">Rescue operation</subfield>
            <subfield code="1">http://www.isfdb.org/cgi-bin/title.cgi?55380</subfield>
        </datafield>
        <datafield tag="700" ind1="0" ind2="2">
            <subfield code="a">Bixby, Jerome</subfield>
            <subfield code="t">It's a good life</subfield>
            <subfield code="1">http://www.isfdb.org/cgi-bin/title.cgi?41109</subfield>
        </datafield>
        <datafield tag="700" ind1="0" ind2="2">
            <subfield code="a">Reed, Kit</subfield>
            <subfield code="t">Mister da V</subfield>
            <subfield code="1">http://www.isfdb.org/cgi-bin/title.cgi?78375</subfield>
        </datafield>
        <datafield tag="700" ind1="0" ind2="2">
            <subfield code="a">Ballard, J. G.</subfield>
            <subfield code="d">1930-2009</subfield>
            <subfield code="t">Billenium</subfield>
            <subfield code="1">http://www.isfdb.org/cgi-bin/title.cgi?65075</subfield>
        </datafield>
        <datafield tag="700" ind1="0" ind2="2">
            <subfield code="a">Sheckley, Robert</subfield>
            <subfield code="t">The store of the worlds</subfield>
            <subfield code="1">http://www.isfdb.org/cgi-bin/title.cgi?58588</subfield>
        </datafield>
        <datafield tag="700" ind1="0" ind2="2">
            <subfield code="a">Clarke, Arthur C.</subfield>
            <subfield code="t">The wind from the sun</subfield>
            <subfield code="1">http://www.isfdb.org/cgi-bin/title.cgi?72206</subfield>
        </datafield>
    </record>