
    <record>
        <leader>03560cam a2200469 a 4500</leader>
        <controlfield tag="001">16895088</controlfield>
        <controlfield tag="003">LC</controlfield>
        <controlfield tag="005">20111215164843.0</controlfield>
        <controlfield tag="008">110729s2011    enka     b    001 0 eng d</controlfield>
        <datafield tag="010" ind1=" " ind2=" ">
            <subfield code="a">  2011453815</subfield>
        </datafield>
        <datafield tag="016" ind1="7" ind2=" ">
            <subfield code="a">015589364</subfield>
            <subfield code="2">Uk</subfield>
        </datafield>
        <datafield tag="020" ind1=" " ind2=" ">
            <subfield code="a">0826432352 (hbk.)</subfield>
        </datafield>
        <datafield tag="020" ind1=" " ind2=" ">
            <subfield code="a">9780826432353 (hbk.)</subfield>
        </datafield>
        <datafield tag="043" ind1=" " ind2=" ">
            <subfield code="a">n-us---</subfield>
            <subfield code="a">e-uk---</subfield>
        </datafield>
        <datafield tag="082" ind1="0" ind2="4">
            <subfield code="a">813.0093556</subfield>
            <subfield code="2">22</subfield>
        </datafield>
        <datafield tag="245" ind1="0" ind2="0">
            <subfield code="a">Crime culture :</subfield>
            <subfield code="b">figuring criminality in fiction and film /</subfield>
            <subfield code="c">edited by Bran Nicol, Eugene McNulty and Patricia Pulham.</subfield>
        </datafield>
        <datafield tag="260" ind1=" " ind2=" ">
            <subfield code="a">London ;</subfield>
            <subfield code="a">New York :</subfield>
            <subfield code="b">Continuum,</subfield>
            <subfield code="c">2011.</subfield>
        </datafield>
        <datafield tag="300" ind1=" " ind2=" ">
            <subfield code="a">x, 237 pages :</subfield>
            <subfield code="b">illustrations ;</subfield>
            <subfield code="c">24 cm.</subfield>
        </datafield>
        <datafield tag="336" ind1=" " ind2=" ">
            <subfield code="a">text</subfield>
            <subfield code="2">rdacontent</subfield>
            <subfield code="0">http://rdaregistry.info/termList/RDAContentType/1020</subfield>
        </datafield>
        <datafield tag="337" ind1=" " ind2=" ">
            <subfield code="a">unmediated</subfield>
            <subfield code="2">rdamedia</subfield>
            <subfield code="0">http://rdaregistry.info/termList/RDAMediaType/1007</subfield>
        </datafield>
        <datafield tag="338" ind1=" " ind2=" ">
            <subfield code="a">volume</subfield>
            <subfield code="2">rdacarrier</subfield>
            <subfield code="0">http://rdaregistry.info/termList/RDACarrierType/1049</subfield>
        </datafield>
        <datafield tag="380" ind1=" " ind2=" ">
            <subfield code="a">Språkbasert verk</subfield>
            <subfield code="1">https://schema.nb.no/Bibliographic/Values/V1000</subfield>
        </datafield>
        <datafield tag="490" ind1="1" ind2=" ">
            <subfield code="a">Continuum literary studies</subfield>
        </datafield>
        <datafield tag="504" ind1=" " ind2=" ">
            <subfield code="a">Includes bibliographical references (p. [210]-227) and index.</subfield>
        </datafield>
        <datafield tag="505" ind1="0" ind2="0">
            <subfield code="t">Crime culture and modernity /</subfield>
            <subfield code="r">Bran Nicol, Patricia Pulham and Eugene McNulty --</subfield>
            <subfield code="t">Breaking boundaries :</subfield>
            <subfield code="t">games, art and the image. Playing dead :</subfield>
            <subfield code="t">crime as a social system /</subfield>
            <subfield code="r">Mark Seltzer ; Psychopathology as a game :</subfield>
            <subfield code="t">J.G. Ballard and conceptual crime /</subfield>
            <subfield code="r">Benjamin Noys ; Crime, abjection, transgression and the image /</subfield>
            <subfield code="r">John Lechte --</subfield>
            <subfield code="t">Revisiting noir. The female side of crime :</subfield>
            <subfield code="t">film noir's Femme fatale and the dark side of modernity /</subfield>
            <subfield code="r">Elisabeth Bronfen ; Post-war American noir :</subfield>
            <subfield code="t">confronting Fordism /</subfield>
            <subfield code="r">Andrew Pepper --</subfield>
            <subfield code="t">Vixens and victims :</subfield>
            <subfield code="t">criminal femininities. Dead dolls and deadly dames :</subfield>
            <subfield code="t">the cover girls of American true crime publishing /</subfield>
            <subfield code="r">Lee Horsley ; Contemporary African American women's crime and mystery novels /</subfield>
            <subfield code="r">Linden Peach --</subfield>
            <subfield code="t">Angels of death :</subfield>
            <subfield code="t">criminal masculinities. Killer boys :</subfield>
            <subfield code="t">male friendship and criminality in The butcher boy, elephant and boy a /</subfield>
            <subfield code="r">Páraic Finnerty ; The angel of death :</subfield>
            <subfield code="t">targeting the hitman /</subfield>
            <subfield code="r">Andrew Spicer --</subfield>
            <subfield code="t">Reading the criminal other. Risk management :</subfield>
            <subfield code="t">Frank Abagnale, Jr. and the shadowing of pleasure /</subfield>
            <subfield code="r">Christopher P. Wilson ; "Police they neighbour" :</subfield>
            <subfield code="t">crime culture and the Rear window paradigm /</subfield>
            <subfield code="r">Bran Nicol.</subfield>
        </datafield>
        <datafield tag="520" ind1="8" ind2=" ">
            <subfield code="a">Exploring crime in works which are not usually associated with crime genres, this work breathes new life into staple themes in crime fiction/cinema such as gender, the body and the city, and offers analyses of new elements such as the mythology of the hitman and the cultural impact of 'senseless' murders.</subfield>
        </datafield>
        <datafield tag="700" ind1="1" ind2=" ">
            <subfield code="a">McNulty, Eugene</subfield>
            <subfield code="4">edt</subfield>
            <subfield code="e">dc</subfield>
            <subfield code="4">http://rdaregistry.info/Elements/m/object/P30267</subfield>
        </datafield>
        <datafield tag="700" ind1="1" ind2=" ">
            <subfield code="a">Nicol, Bran</subfield>
            <subfield code="d">1969-</subfield>
            <subfield code="4">edt</subfield>
            <subfield code="e">dc</subfield>
            <subfield code="4">http://rdaregistry.info/Elements/m/object/P30267</subfield>
        </datafield>
        <datafield tag="700" ind1="1" ind2=" ">
            <subfield code="a">Pulham, Patricia</subfield>
            <subfield code="d">1959-</subfield>
            <subfield code="4">edt</subfield>
            <subfield code="e">dc</subfield>
            <subfield code="4">http://rdaregistry.info/Elements/m/object/P30267</subfield>
        </datafield>
        <datafield tag="830" ind1=" " ind2="0">
            <subfield code="a">Continuum literary studies.</subfield>
        </datafield>
    </record>