
    <record>
        <leader>02708cam a22003975i 4500</leader>
        <controlfield tag="001">21847053</controlfield>
        <controlfield tag="003">LC</controlfield>
        <controlfield tag="005">20201217131039.0</controlfield>
        <controlfield tag="008">201217t20202020uy            000 jdspa d</controlfield>
        <datafield tag="010" ind1=" " ind2=" ">
            <subfield code="a">  2020344488</subfield>
        </datafield>
        <datafield tag="020" ind1=" " ind2=" ">
            <subfield code="a">9789974909199</subfield>
        </datafield>
        <datafield tag="020" ind1=" " ind2=" ">
            <subfield code="a">9974909198</subfield>
        </datafield>
        <datafield tag="043" ind1=" " ind2=" ">
            <subfield code="a">s-uy---</subfield>
        </datafield>
        <datafield tag="097" ind1="0" ind2="0">
            <subfield code="a">PQ8518</subfield>
            <subfield code="b">.C8367 2020</subfield>
        </datafield>
        <datafield tag="245" ind1="0" ind2="0">
            <subfield code="a">Cuentos de la peste /</subfield>
            <subfield code="c">Gustavo Alzugaray [and 26 others].</subfield>
        </datafield>
        <datafield tag="250" ind1=" " ind2=" ">
            <subfield code="a">1a. ed.</subfield>
        </datafield>
        <datafield tag="264" ind1=" " ind2="1">
            <subfield code="a">Montevideo, Uruguay :</subfield>
            <subfield code="b">Editorial Fin de Siglo, 2020.</subfield>
        </datafield>
        <datafield tag="264" ind1=" " ind2="4">
            <subfield code="c">©2020</subfield>
        </datafield>
        <datafield tag="300" ind1=" " ind2=" ">
            <subfield code="a">265 pages ;</subfield>
            <subfield code="c">21 cm.</subfield>
        </datafield>
        <datafield tag="336" ind1=" " ind2=" ">
            <subfield code="a">text</subfield>
            <subfield code="b">txt</subfield>
            <subfield code="2">rdacontent</subfield>
            <subfield code="0">http://rdaregistry.info/termList/RDAContentType/1020</subfield>
        </datafield>
        <datafield tag="337" ind1=" " ind2=" ">
            <subfield code="a">unmediated</subfield>
            <subfield code="b">n</subfield>
            <subfield code="2">rdamedia</subfield>
            <subfield code="0">http://rdaregistry.info/termList/RDAMediaType/1007</subfield>
        </datafield>
        <datafield tag="338" ind1=" " ind2=" ">
            <subfield code="a">volume</subfield>
            <subfield code="b">nc</subfield>
            <subfield code="2">rdacarrier</subfield>
            <subfield code="0">http://rdaregistry.info/termList/RDACarrierType/1049</subfield>
        </datafield>
        <datafield tag="380" ind1=" " ind2=" ">
            <subfield code="a">Short story</subfield>
        </datafield>
        <datafield tag="490" ind1="1" ind2=" ">
            <subfield code="a">Colección ñ</subfield>
        </datafield>
        <datafield tag="505" ind1="0" ind2="0">
            <subfield code="t">Bolívar Baladán /</subfield>
            <subfield code="r">Gustavo Alzugaray --</subfield>
            <subfield code="t">R. I. P. Fogwill /</subfield>
            <subfield code="r">José Arenas --</subfield>
            <subfield code="t">Invasiones /</subfield>
            <subfield code="r">Gonzalo Baz --</subfield>
            <subfield code="t">Takeshi /</subfield>
            <subfield code="r">Carolina Bello --</subfield>
            <subfield code="t">La gran quemazón de chanchos /</subfield>
            <subfield code="r">Martín Bentancor --</subfield>
            <subfield code="t">Las islas Gemelas /</subfield>
            <subfield code="r">Juan de Dios Caballero --</subfield>
            <subfield code="t">Doña Helen /</subfield>
            <subfield code="r">Susana Cabrera --</subfield>
            <subfield code="t">Regreso a casa /</subfield>
            <subfield code="r">Jorge Chagas --</subfield>
            <subfield code="t">Cola de seda antigua /</subfield>
            <subfield code="r">Marcia Collazo --</subfield>
            <subfield code="t">Los acontecimientos según Marian /</subfield>
            <subfield code="r">Carolina Cynovich --</subfield>
            <subfield code="t">Latido /</subfield>
            <subfield code="r">Andrea di Candia --</subfield>
            <subfield code="t">El río robado /</subfield>
            <subfield code="r">César di Candia --</subfield>
            <subfield code="t">Marcado /</subfield>
            <subfield code="r">Luis Do Santos --</subfield>
            <subfield code="t">Las muñecas del señor Izumi /</subfield>
            <subfield code="r">Pablo Dobrinin --</subfield>
            <subfield code="t">Lucidez /</subfield>
            <subfield code="r">Natalia Fernández Coscia --</subfield>
            <subfield code="t">Strogonoff /</subfield>
            <subfield code="r">Juan Grompone --</subfield>
            <subfield code="t">Vecino poeta /</subfield>
            <subfield code="r">Martín Lasalt --</subfield>
            <subfield code="t">Hacer que el tiempo pase /</subfield>
            <subfield code="r">Carlos Liscano --</subfield>
            <subfield code="t">1988/2020 /</subfield>
            <subfield code="r">Natalia Mardero --</subfield>
            <subfield code="t">Dos por día, o Tratado sobre un cuento que saltó por la ventana /</subfield>
            <subfield code="r">Fabián Muniz --</subfield>
            <subfield code="t">Los viajes empiezan después que uno llega /</subfield>
            <subfield code="r">Diego Recoba --</subfield>
            <subfield code="t">Acá no había babosas /</subfield>
            <subfield code="r">Cecilia Ríos --</subfield>
            <subfield code="t">El silencio de tanto tiempo /</subfield>
            <subfield code="r">Mercedes Rosende --</subfield>
            <subfield code="t">Algo supuestamente divertido que no volveré a hacer ;</subfield>
            <subfield code="t">Por J. G. Ballard (fragmento) /</subfield>
            <subfield code="r">Ramiro Sanchiz --</subfield>
            <subfield code="t">Los últimos /</subfield>
            <subfield code="r">Rodolfo Santullo --</subfield>
            <subfield code="t">A la manera casi clásica /</subfield>
            <subfield code="r">Ana Solari --</subfield>
            <subfield code="t">Una salida normal /</subfield>
            <subfield code="r">Fernando Villalba.</subfield>
        </datafield>
        <datafield tag="520" ind1=" " ind2=" ">
            <subfield code="a">"27 authors, 27 readings for times of a new (a)normality"--Publisher's website.</subfield>
        </datafield>
        <datafield tag="648" ind1=" " ind2="7">
            <subfield code="a">2000-2099</subfield>
            <subfield code="2">fast</subfield>
        </datafield>
        <datafield tag="830" ind1=" " ind2="0">
            <subfield code="a">Colección ñ (Editorial Fin de Siglo)</subfield>
        </datafield>
    </record>