
    <record>
        <leader>03978cam a22005653a 4500</leader>
        <controlfield tag="001">17339826</controlfield>
        <controlfield tag="003">LC</controlfield>
        <controlfield tag="005">20210817141442.0</controlfield>
        <controlfield tag="008">120609s1981    nyu           000 0 eng d</controlfield>
        <datafield tag="010" ind1=" " ind2=" ">
            <subfield code="a">   80069937 </subfield>
        </datafield>
        <datafield tag="020" ind1=" " ind2=" ">
            <subfield code="a">0380775867 (pbk.)</subfield>
        </datafield>
        <datafield tag="020" ind1=" " ind2=" ">
            <subfield code="a">9780380775866 (pbk.)</subfield>
        </datafield>
        <datafield tag="245" ind1="0" ind2="0">
            <subfield code="a">First voyages /</subfield>
            <subfield code="c">edited by Damon Knight, Martin H. Greenberg &amp; Joseph D. Olander.</subfield>
        </datafield>
        <datafield tag="260" ind1=" " ind2=" ">
            <subfield code="a">New York :</subfield>
            <subfield code="b">Avon Books,</subfield>
            <subfield code="c">1981.</subfield>
        </datafield>
        <datafield tag="300" ind1=" " ind2=" ">
            <subfield code="a">373 pages ;</subfield>
            <subfield code="c">18 cm.</subfield>
        </datafield>
        <datafield tag="336" ind1=" " ind2=" ">
            <subfield code="a">text</subfield>
            <subfield code="2">rdacontent</subfield>
            <subfield code="0">http://rdaregistry.info/termList/RDAContentType/1020</subfield>
        </datafield>
        <datafield tag="337" ind1=" " ind2=" ">
            <subfield code="a">unmediated</subfield>
            <subfield code="2">rdamedia</subfield>
            <subfield code="0">http://rdaregistry.info/termList/RDAMediaType/1007</subfield>
        </datafield>
        <datafield tag="338" ind1=" " ind2=" ">
            <subfield code="a">volume</subfield>
            <subfield code="2">rdacarrier</subfield>
            <subfield code="0">http://rdaregistry.info/termList/RDACarrierType/1049</subfield>
        </datafield>
        <datafield tag="380" ind1=" " ind2=" ">
            <subfield code="a">Språkbasert verk</subfield>
            <subfield code="1">https://schema.nb.no/Bibliographic/Values/V1000</subfield>
        </datafield>
        <datafield tag="505" ind1="0" ind2=" ">
            <subfield code="a">The Isolinguals / L. Sprague de Camp -- The Faithful / L. del Ray -- Black destroyer / A.E. van Vogt -- Life-line / R.A. Heinlein -- Ether breather / T. Sturgeon -- Proof / H. Clement -- Loophole / A.C. Clarke -- Tomorrow's children / P. Anderson -- That only a mother / J. Merril -- Scanners live in vain / C. Smith -- Time trap / C.L. Harness -- Defense mechanism / K. MacLean -- Angel's egg / E. Panhorn -- Come on, wagon! / Z. Henderson -- Walk to the world / A. Budrys -- Beyond lies the wub / P.K. Dick -- My boy friend's name is Jello / A. Davidson -- T / B.W. Aldiss -- Prima Belladonna / J.G. Ballard -- April in Paris / U.K. Le Guin.</subfield>
        </datafield>
        <datafield tag="700" ind1="1" ind2=" ">
            <subfield code="a">Knight, Damon</subfield>
            <subfield code="d">1922-2002.</subfield>
            <subfield code="4">edt</subfield>
            <subfield code="e">dc</subfield>
            <subfield code="1">http://viaf.org/viaf/62070456</subfield>
            <subfield code="4">http://rdaregistry.info/Elements/m/object/P30267</subfield>
        </datafield>
        <datafield tag="700" ind1="1" ind2=" ">
            <subfield code="a">Greenberg, Martin Harry</subfield>
            <subfield code="4">edt</subfield>
            <subfield code="e">dc</subfield>
            <subfield code="1">http://viaf.org/viaf/108898602</subfield>
            <subfield code="4">http://rdaregistry.info/Elements/m/object/P30267</subfield>
        </datafield>
        <datafield tag="700" ind1="1" ind2=" ">
            <subfield code="a">Olander, Joseph D.</subfield>
            <subfield code="4">edt</subfield>
            <subfield code="e">dc</subfield>
            <subfield code="4">http://rdaregistry.info/Elements/m/object/P30267</subfield>
        </datafield>
        <datafield tag="710" ind1="2" ind2=" ">
            <subfield code="a">Copyright Paperback Collection (Library of Congress)</subfield>
            <subfield code="5">DLC</subfield>
        </datafield>
        <datafield tag="700" ind1="0" ind2="2">
            <subfield code="a">Camp, L. Sprague de</subfield>
            <subfield code="t">The Isolinguals</subfield>
            <subfield code="1">http://www.isfdb.org/cgi-bin/title.cgi?48044</subfield>
        </datafield>
        <datafield tag="700" ind1="0" ind2="2">
            <subfield code="a">Ray, L. del</subfield>
            <subfield code="t">The Faithful</subfield>
            <subfield code="1">http://www.isfdb.org/cgi-bin/title.cgi?48090</subfield>
        </datafield>
        <datafield tag="700" ind1="0" ind2="2">
            <subfield code="a">Vogt, A. E. van</subfield>
            <subfield code="t">Black destroyer</subfield>
            <subfield code="1">http://www.isfdb.org/cgi-bin/title.cgi?41604</subfield>
        </datafield>
        <datafield tag="700" ind1="0" ind2="2">
            <subfield code="a">Heinlein, Robert A.</subfield>
            <subfield code="t">Life-line</subfield>
            <subfield code="1">http://www.isfdb.org/cgi-bin/title.cgi?41208</subfield>
        </datafield>
        <datafield tag="700" ind1="0" ind2="2">
            <subfield code="a">Sturgeon, Theodore</subfield>
            <subfield code="t">Ether breather</subfield>
            <subfield code="1">http://www.isfdb.org/cgi-bin/title.cgi?41433</subfield>
        </datafield>
        <datafield tag="700" ind1="0" ind2="2">
            <subfield code="a">Clement, H.</subfield>
            <subfield code="t">Proof</subfield>
            <subfield code="1">http://www.isfdb.org/cgi-bin/title.cgi?46572</subfield>
        </datafield>
        <datafield tag="700" ind1="0" ind2="2">
            <subfield code="a">Clarke, Arthur C.</subfield>
            <subfield code="t">Loophole</subfield>
            <subfield code="1">http://www.isfdb.org/cgi-bin/title.cgi?41198</subfield>
        </datafield>
        <datafield tag="700" ind1="0" ind2="2">
            <subfield code="a">Anderson, Poul</subfield>
            <subfield code="t">Tomorrow's children</subfield>
            <subfield code="1">http://www.isfdb.org/cgi-bin/title.cgi?436051</subfield>
        </datafield>
        <datafield tag="700" ind1="0" ind2="2">
            <subfield code="a">Merril, J.</subfield>
            <subfield code="t">That only a mother</subfield>
            <subfield code="1">http://www.isfdb.org/cgi-bin/title.cgi?40880</subfield>
        </datafield>
        <datafield tag="700" ind1="0" ind2="2">
            <subfield code="a">Smith, Cordwainer</subfield>
            <subfield code="t">Scanners live in vain</subfield>
            <subfield code="1">http://www.isfdb.org/cgi-bin/title.cgi?40968</subfield>
        </datafield>
        <datafield tag="700" ind1="0" ind2="2">
            <subfield code="a">Harness, C.L.</subfield>
            <subfield code="t">Time trap</subfield>
            <subfield code="1">http://www.isfdb.org/cgi-bin/title.cgi?44897</subfield>
        </datafield>
        <datafield tag="700" ind1="0" ind2="2">
            <subfield code="a">MacLean, K.</subfield>
            <subfield code="t">Defense mechanism</subfield>
            <subfield code="1">http://www.isfdb.org/cgi-bin/title.cgi?52188</subfield>
        </datafield>
        <datafield tag="700" ind1="0" ind2="2">
            <subfield code="a">Panhorn, E.</subfield>
            <subfield code="t">Angel's egg</subfield>
            <subfield code="1">http://www.isfdb.org/cgi-bin/title.cgi?56201</subfield>
        </datafield>
        <datafield tag="700" ind1="0" ind2="2">
            <subfield code="a">Henderson, Zenna</subfield>
            <subfield code="t">Come on, wagon!</subfield>
            <subfield code="1">http://www.isfdb.org/cgi-bin/title.cgi?41540</subfield>
        </datafield>
        <datafield tag="700" ind1="0" ind2="2">
            <subfield code="a">Budrys, Algis</subfield>
            <subfield code="t">Walk to the world</subfield>
            <subfield code="1">http://www.isfdb.org/cgi-bin/title.cgi?69888</subfield>
        </datafield>
        <datafield tag="700" ind1="0" ind2="2">
            <subfield code="a">Dick, Philip K.</subfield>
            <subfield code="t">Beyond lies the wub</subfield>
            <subfield code="1">http://www.isfdb.org/cgi-bin/title.cgi?41613</subfield>
        </datafield>
        <datafield tag="700" ind1="0" ind2="2">
            <subfield code="a">Davidson, A.</subfield>
            <subfield code="t">My boy friend's name is Jello</subfield>
            <subfield code="1">http://www.isfdb.org/cgi-bin/title.cgi?56771</subfield>
        </datafield>
        <datafield tag="700" ind1="0" ind2="2">
            <subfield code="a">Aldiss, Brian. W.</subfield>
            <subfield code="t">T</subfield>
            <subfield code="1">http://www.isfdb.org/cgi-bin/title.cgi?51078</subfield>
        </datafield>
        <datafield tag="700" ind1="0" ind2="2">
            <subfield code="a">Ballard, J. G.</subfield>
            <subfield code="d">1930-2009</subfield>
            <subfield code="t">Prima Belladonna</subfield>
            <subfield code="1">http://www.isfdb.org/cgi-bin/title.cgi?44450</subfield>
        </datafield>
        <datafield tag="700" ind1="0" ind2="2">
            <subfield code="a">Guin, Ursula K. Le</subfield>
            <subfield code="t">April in Paris</subfield>
            <subfield code="1">http://www.isfdb.org/cgi-bin/title.cgi?58821</subfield>
        </datafield>
    </record>