
    <record>
        <leader>03596cam a2200505 a 4500</leader>
        <controlfield tag="001">16373192</controlfield>
        <controlfield tag="003">LC</controlfield>
        <controlfield tag="005">20111020102018.0</controlfield>
        <controlfield tag="008">100803s2010    ilu           000 1 eng  </controlfield>
        <datafield tag="010" ind1=" " ind2=" ">
            <subfield code="a">  2010032453</subfield>
        </datafield>
        <datafield tag="020" ind1=" " ind2=" ">
            <subfield code="a">9781933147437</subfield>
        </datafield>
        <datafield tag="082" ind1="0" ind2="0">
            <subfield code="a">823/.0876208</subfield>
            <subfield code="2">22</subfield>
        </datafield>
        <datafield tag="245" ind1="0" ind2="4">
            <subfield code="a">The Great Books Foundation science fiction omnibus /</subfield>
            <subfield code="c">selected and edited by Daniel Born.</subfield>
        </datafield>
        <datafield tag="246" ind1="3" ind2=" ">
            <subfield code="a">Science fiction omnibus</subfield>
        </datafield>
        <datafield tag="260" ind1=" " ind2=" ">
            <subfield code="a">Chicago :</subfield>
            <subfield code="b">The Great Books Foundation,</subfield>
            <subfield code="c">c2010.</subfield>
        </datafield>
        <datafield tag="300" ind1=" " ind2=" ">
            <subfield code="a">xiii, 488 pages ;</subfield>
            <subfield code="c">23 cm.</subfield>
        </datafield>
        <datafield tag="336" ind1=" " ind2=" ">
            <subfield code="a">text</subfield>
            <subfield code="2">rdacontent</subfield>
            <subfield code="0">http://rdaregistry.info/termList/RDAContentType/1020</subfield>
        </datafield>
        <datafield tag="337" ind1=" " ind2=" ">
            <subfield code="a">unmediated</subfield>
            <subfield code="2">rdamedia</subfield>
            <subfield code="0">http://rdaregistry.info/termList/RDAMediaType/1007</subfield>
        </datafield>
        <datafield tag="338" ind1=" " ind2=" ">
            <subfield code="a">volume</subfield>
            <subfield code="2">rdacarrier</subfield>
            <subfield code="0">http://rdaregistry.info/termList/RDACarrierType/1049</subfield>
        </datafield>
        <datafield tag="380" ind1=" " ind2=" ">
            <subfield code="a">Språkbasert verk</subfield>
            <subfield code="1">https://schema.nb.no/Bibliographic/Values/V1000</subfield>
        </datafield>
        <datafield tag="505" ind1="0" ind2=" ">
            <subfield code="a">The machine stops / E. M. Forster -- The Veldt / Ray Bradbury -- The star / Arthur C. Clarke -- The voices of time / J. G. Ballard -- The ship who sang / Anne McCaffrey -- Harrison Bergeron / Kurt Vonnegut -- The streets of Ashkelon / Harry Harrison -- The days of perky Pat / Philip K. Dick -- Vaster than empires and more slow / Ursula K. Le Guin -- As simple as that / Zenna Henderson -- The bicentennial man / Isaac Asimov -- Houston, Houston, do you read? / James Tiptree Jr. -- Ender's game / Orson Scott Card -- Bloodchild / Octavia Butler -- Promises to keep / Jack McDevitt -- Face value / Karen Joy Fowler -- Even the queen / Connie Willis -- Mortimer Gray's history of death / Brian Stableford.</subfield>
        </datafield>
        <datafield tag="700" ind1="1" ind2=" ">
            <subfield code="a">Born, Daniel</subfield>
            <subfield code="4">edt</subfield>
            <subfield code="4">edc</subfield>
            <subfield code="4">http://rdaregistry.info/Elements/m/object/P30267</subfield>
        </datafield>
        <datafield tag="700" ind1=" " ind2="2">
            <subfield code="a">Forster, E. M.</subfield>
            <subfield code="t">The machine stops</subfield>
            <subfield code="1">http://www.isfdb.org/cgi-bin/title.cgi?41186</subfield>
        </datafield>
        <datafield tag="700" ind1="0" ind2="2">
            <subfield code="a">Bradbury, Ray</subfield>
            <subfield code="t">The Veldt</subfield>
            <subfield code="1">http://www.isfdb.org/cgi-bin/title.cgi?64827</subfield>
        </datafield>
        <datafield tag="700" ind1="0" ind2="2">
            <subfield code="a">Clarke, Arthur C.</subfield>
            <subfield code="t">The star</subfield>
            <subfield code="1">http://www.isfdb.org/cgi-bin/title.cgi?40913</subfield>
        </datafield>
        <datafield tag="700" ind1="0" ind2="2">
            <subfield code="a">Ballard, J. G.</subfield>
            <subfield code="d">1930-2009</subfield>
            <subfield code="t">The voices of time</subfield>
            <subfield code="1">http://www.isfdb.org/cgi-bin/title.cgi?40816</subfield>
        </datafield>
        <datafield tag="700" ind1="0" ind2="2">
            <subfield code="a">McCaffrey, Anne</subfield>
            <subfield code="t">The ship who sang</subfield>
            <subfield code="1">http://www.isfdb.org/cgi-bin/title.cgi?40947</subfield>
        </datafield>
        <datafield tag="700" ind1="0" ind2="2">
            <subfield code="a">Vonnegut, Kurt</subfield>
            <subfield code="t">Harrison Bergeron</subfield>
            <subfield code="1">http://www.isfdb.org/cgi-bin/title.cgi?41335</subfield>
        </datafield>
        <datafield tag="700" ind1="0" ind2="2">
            <subfield code="a">Harrison, Harry</subfield>
            <subfield code="t">The streets of Ashkelon</subfield>
            <subfield code="1">http://www.isfdb.org/cgi-bin/title.cgi?66842</subfield>
        </datafield>
        <datafield tag="700" ind1="0" ind2="2">
            <subfield code="a">Dick, Philip K.</subfield>
            <subfield code="t">The days of perky Pat</subfield>
            <subfield code="1">http://www.isfdb.org/cgi-bin/title.cgi?58186</subfield>
        </datafield>
        <datafield tag="700" ind1="0" ind2="2">
            <subfield code="a">Guin, Ursula K. Le</subfield>
            <subfield code="t">Vaster than empires and more slow</subfield>
            <subfield code="1">http://www.isfdb.org/cgi-bin/title.cgi?40824</subfield>
        </datafield>
        <datafield tag="700" ind1="0" ind2="2">
            <subfield code="a">Henderson, Zenna</subfield>
            <subfield code="t">As simple as that</subfield>
            <subfield code="1">http://www.isfdb.org/cgi-bin/title.cgi?58933</subfield>
        </datafield>
        <datafield tag="700" ind1="0" ind2="2">
            <subfield code="a">Asimov, Isaac</subfield>
            <subfield code="t">The bicentennial man</subfield>
            <subfield code="1">http://www.isfdb.org/cgi-bin/title.cgi?41611</subfield>
        </datafield>
        <datafield tag="700" ind1="0" ind2="2">
            <subfield code="a">Tiptree, James Jr</subfield>
            <subfield code="t">Houston, Houston, do you read?</subfield>
            <subfield code="1">http://www.isfdb.org/cgi-bin/title.cgi?41304</subfield>
        </datafield>
        <datafield tag="700" ind1="0" ind2="2">
            <subfield code="a">Card, Orson Scott</subfield>
            <subfield code="t">Ender's game</subfield>
            <subfield code="1">http://www.isfdb.org/cgi-bin/title.cgi?2004</subfield>
        </datafield>
        <datafield tag="700" ind1="0" ind2="2">
            <subfield code="a">Butler, Octavia</subfield>
            <subfield code="t">Bloodchild</subfield>
            <subfield code="1">http://www.isfdb.org/cgi-bin/title.cgi?41597</subfield>
        </datafield>
        <datafield tag="700" ind1="0" ind2="2">
            <subfield code="a">McDevitt, Jack</subfield>
            <subfield code="t">Promises to keep</subfield>
            <subfield code="1">http://www.isfdb.org/cgi-bin/title.cgi?42782</subfield>
        </datafield>
        <datafield tag="700" ind1="0" ind2="2">
            <subfield code="a">Fowler, Karen Joy</subfield>
            <subfield code="t">Face value</subfield>
            <subfield code="1">http://www.isfdb.org/cgi-bin/title.cgi?48469</subfield>
        </datafield>
        <datafield tag="700" ind1="0" ind2="2">
            <subfield code="a">Willis, Connie</subfield>
            <subfield code="t">Even the queen</subfield>
            <subfield code="1">http://www.isfdb.org/cgi-bin/title.cgi?41431</subfield>
        </datafield>
        <datafield tag="700" ind1="0" ind2="2">
            <subfield code="a">Stableford, Brian</subfield>
            <subfield code="t">Mortimer Gray's history of death</subfield>
            <subfield code="1">http://www.isfdb.org/cgi-bin/title.cgi?84706</subfield>
        </datafield>
    </record>