
    <record>
        <leader>03877cam a2200397 i 4500</leader>
        <controlfield tag="001">20496427</controlfield>
        <controlfield tag="003">LC</controlfield>
        <controlfield tag="005">20200127103630.0</controlfield>
        <controlfield tag="008">180515s2018    enka     bkq  001 0deng  </controlfield>
        <datafield tag="010" ind1=" " ind2=" ">
            <subfield code="a">  2018023178</subfield>
        </datafield>
        <datafield tag="020" ind1=" " ind2=" ">
            <subfield code="a">9781786603340</subfield>
            <subfield code="q">hardcover</subfield>
            <subfield code="q">alkaline paper</subfield>
        </datafield>
        <datafield tag="020" ind1=" " ind2=" ">
            <subfield code="a">9781786603357</subfield>
            <subfield code="q">paperback</subfield>
            <subfield code="q">alkaline paper</subfield>
        </datafield>
        <datafield tag="020" ind1=" " ind2=" ">
            <subfield code="z">9781786603364</subfield>
        </datafield>
        <datafield tag="043" ind1=" " ind2=" ">
            <subfield code="a">e-uk-en</subfield>
        </datafield>
        <datafield tag="082" ind1="0" ind2="0">
            <subfield code="a">782.42166092/2</subfield>
            <subfield code="2">23</subfield>
        </datafield>
        <datafield tag="245" ind1="0" ind2="0">
            <subfield code="a">Heart and soul :</subfield>
            <subfield code="b">critical essays on Joy Division /</subfield>
            <subfield code="c">edited by Eoin Devereux, Martin J. Power and Aileen Dillane.</subfield>
        </datafield>
        <datafield tag="264" ind1=" " ind2="1">
            <subfield code="a">London ;</subfield>
            <subfield code="a">New York :</subfield>
            <subfield code="b">Rowman and Littlefield International,</subfield>
            <subfield code="c">2018.</subfield>
        </datafield>
        <datafield tag="300" ind1=" " ind2=" ">
            <subfield code="a">xxix, 314 pages :</subfield>
            <subfield code="b">illustrations ;</subfield>
            <subfield code="c">23 cm.</subfield>
        </datafield>
        <datafield tag="336" ind1=" " ind2=" ">
            <subfield code="a">text</subfield>
            <subfield code="b">txt</subfield>
            <subfield code="2">rdacontent</subfield>
            <subfield code="0">http://rdaregistry.info/termList/RDAContentType/1020</subfield>
        </datafield>
        <datafield tag="337" ind1=" " ind2=" ">
            <subfield code="a">unmediated</subfield>
            <subfield code="b">n</subfield>
            <subfield code="2">rdamedia</subfield>
            <subfield code="0">http://rdaregistry.info/termList/RDAMediaType/1007</subfield>
        </datafield>
        <datafield tag="338" ind1=" " ind2=" ">
            <subfield code="a">volume</subfield>
            <subfield code="b">nc</subfield>
            <subfield code="2">rdacarrier</subfield>
            <subfield code="0">http://rdaregistry.info/termList/RDACarrierType/1049</subfield>
        </datafield>
        <datafield tag="380" ind1=" " ind2=" ">
            <subfield code="a">Discography</subfield>
        </datafield>
        <datafield tag="380" ind1=" " ind2=" ">
            <subfield code="a">Filmography</subfield>
        </datafield>
        <datafield tag="490" ind1="0" ind2=" ">
            <subfield code="a">Popular musics matter: social, political and cultural interventions</subfield>
        </datafield>
        <datafield tag="504" ind1=" " ind2=" ">
            <subfield code="a">Includes bibliographical references ( pages 271-301), discography/filmography (pages 267-270) and index.</subfield>
        </datafield>
        <datafield tag="505" ind1="0" ind2=" ">
            <subfield code="a">Introduction: This Is the way, step inside: understanding Joy Division -- Part 1. Dead souls : hauntology and Faustian contracts. Missions of dead souls : a hauntology of the industrial, modernism and esotericism in the music of Joy Division / Michael Goddard. Tony Wilson's bloody contract : a re-enactment of the Faustian bargain / Dan Jacobson and Ian Jeffrey -- Part 2. Ballard, Burroughs, Dostoevsky and Gogol : literary (and visual) influences on Joy Division. Trying to find a clue, trying to find a way to get out! : the European imaginary of Joy Division / Giancomo Bottáa. Literary influences on Joy Division : J. G. Ballard, Franz Kafka, Dostoevsky / Sara Martâinez. "Possessed by a fury that burns from inside" : on Ian Curtis's lyrics / Uwe Schèutte -- Part 3. Joy Division and mental health. In a lonely place : illness and the temporal exile of Ian Curtis / Tiffany Naiman. Communication breakdown : inarticulacy and the significance of "transmission" / J. Rubâen Valdâes Miyares. This is the crisis I knew had to come : revisiting Ian Curtis's suicide / Erin Devereux, Walter Cullen and David Meagher -- Part 4. Interzone : sounds, images and style. Joy Division in space : the aesthetics of estrangement / Robin Parmar. Manchester, Martin Hannett and Joy Division's pungent architecture / John S. Greenwood and Paul Tarpey. Nothing here now but the recordings : the moving image record of Joy Division and the Factory Video Unit / Nick Cope -- Part 5. Cultural legacies. Mining for counterculture / Colin Malcolm. "I hung around in your soundtrack" : affinities with Joy Division among contemporary Iranian musicians / Gay Jennifer Breyley. As if it never happened : the posteconomy of Joy Division and Ian Curtis / Jennifer Otter Bickerdike -- Part 6. Temptation, transmission and transitions. Things that aren't there : spectral presences in musical absences : the transition from Joy Division to New Order / Kieran Cashell.</subfield>
        </datafield>
        <datafield tag="610" ind1="2" ind2="0">
            <subfield code="a">Joy Division (Musical group)</subfield>
        </datafield>
        <datafield tag="700" ind1="1" ind2=" ">
            <subfield code="a">Devereux, Eoin</subfield>
            <subfield code="e">editor</subfield>
            <subfield code="4">edt</subfield>
            <subfield code="4">edc</subfield>
            <subfield code="4">http://rdaregistry.info/Elements/m/object/P30267</subfield>
        </datafield>
        <datafield tag="700" ind1="1" ind2=" ">
            <subfield code="a">Dillane, Aileen</subfield>
            <subfield code="e">editor</subfield>
            <subfield code="4">edt</subfield>
            <subfield code="4">edc</subfield>
            <subfield code="4">http://rdaregistry.info/Elements/m/object/P30267</subfield>
        </datafield>
        <datafield tag="700" ind1="1" ind2=" ">
            <subfield code="a">Power, Martin J.</subfield>
            <subfield code="e">editor</subfield>
            <subfield code="4">edt</subfield>
            <subfield code="4">edc</subfield>
            <subfield code="4">http://rdaregistry.info/Elements/m/object/P30267</subfield>
        </datafield>
        <datafield tag="776" ind1="0" ind2="8">
            <subfield code="i">Online version:</subfield>
            <subfield code="t">Heart and soul</subfield>
            <subfield code="d">London ; New York : Rowman &amp; Littlefield International, 2018</subfield>
            <subfield code="z">9781786603364</subfield>
            <subfield code="w">(DLC) 2018025393</subfield>
        </datafield>
    </record>