
    <record>
        <leader>02979cam a2200457 a 4500</leader>
        <controlfield tag="001">623237</controlfield>
        <controlfield tag="003">LC</controlfield>
        <controlfield tag="005">20140625101154.0</controlfield>
        <controlfield tag="008">920519s1991    nyu           000 1 eng  </controlfield>
        <datafield tag="010" ind1=" " ind2=" ">
            <subfield code="a">   92162118 </subfield>
        </datafield>
        <datafield tag="020" ind1=" " ind2=" ">
            <subfield code="a">0886774659 :</subfield>
            <subfield code="c">$4.50 ($5.95 Can.)</subfield>
        </datafield>
        <datafield tag="082" ind1="0" ind2="0">
            <subfield code="a">813/.0876208</subfield>
            <subfield code="2">20</subfield>
        </datafield>
        <datafield tag="245" ind1="0" ind2="0">
            <subfield code="a">Isaac Asimov presents the great SF stories #22 (1959) /</subfield>
            <subfield code="c">edited by Isaac Asimov and Martin H. Greenberg.</subfield>
        </datafield>
        <datafield tag="260" ind1=" " ind2=" ">
            <subfield code="a">New York, NY :</subfield>
            <subfield code="b">DAW Books,</subfield>
            <subfield code="c">c1991.</subfield>
        </datafield>
        <datafield tag="300" ind1=" " ind2=" ">
            <subfield code="a">351 pages ;</subfield>
            <subfield code="c">18 cm.</subfield>
        </datafield>
        <datafield tag="336" ind1=" " ind2=" ">
            <subfield code="a">text</subfield>
            <subfield code="2">rdacontent</subfield>
            <subfield code="0">http://rdaregistry.info/termList/RDAContentType/1020</subfield>
        </datafield>
        <datafield tag="337" ind1=" " ind2=" ">
            <subfield code="a">unmediated</subfield>
            <subfield code="2">rdamedia</subfield>
            <subfield code="0">http://rdaregistry.info/termList/RDAMediaType/1007</subfield>
        </datafield>
        <datafield tag="338" ind1=" " ind2=" ">
            <subfield code="a">volume</subfield>
            <subfield code="2">rdacarrier</subfield>
            <subfield code="0">http://rdaregistry.info/termList/RDACarrierType/1049</subfield>
        </datafield>
        <datafield tag="380" ind1=" " ind2=" ">
            <subfield code="a">Språkbasert verk</subfield>
            <subfield code="1">https://schema.nb.no/Bibliographic/Values/V1000</subfield>
        </datafield>
        <datafield tag="440" ind1=" " ind2="0">
            <subfield code="a">DAW book collectors ;</subfield>
            <subfield code="v">no. 842</subfield>
        </datafield>
        <datafield tag="505" ind1="0" ind2=" ">
            <subfield code="a">Mariana / Friez Leiber -- The day the icicle works closed / Frederick Pohl -- The fellow who married the Maxill girl / Ward Moore -- Mine own ways / Richard McKenna -- Make mine-- homogenized / Rich Raphael -- The lady who sailed The soul -- I remember Babylon / Arthur C. Clarke -- Chief / Henry Slesar -- Mind partner / Christopher Anvil -- The handler / Damon Knight -- The voices of time / J.G. Ballard.</subfield>
        </datafield>
        <datafield tag="700" ind1="1" ind2=" ">
            <subfield code="a">Asimov, Isaac</subfield>
            <subfield code="d">1920-1992.</subfield>
            <subfield code="4">edc</subfield>
            <subfield code="4">edt</subfield>
            <subfield code="1">http://viaf.org/viaf/24597135</subfield>
            <subfield code="4">http://rdaregistry.info/Elements/m/object/P30267</subfield>
        </datafield>
        <datafield tag="700" ind1="1" ind2=" ">
            <subfield code="a">Greenberg, Martin Harry</subfield>
            <subfield code="4">edc</subfield>
            <subfield code="4">edt</subfield>
            <subfield code="1">http://viaf.org/viaf/108898602</subfield>
            <subfield code="4">http://rdaregistry.info/Elements/m/object/P30267</subfield>
        </datafield>
        <datafield tag="700" ind1="0" ind2="2">
            <subfield code="a">Leiber, Friez</subfield>
            <subfield code="t">Mariana</subfield>
            <subfield code="1">http://www.isfdb.org/cgi-bin/title.cgi?41170</subfield>
        </datafield>
        <datafield tag="700" ind1=" " ind2="2">
            <subfield code="a">Pohl, Frederik</subfield>
            <subfield code="t">The day the icicle works closed</subfield>
            <subfield code="1">http://www.isfdb.org/cgi-bin/title.cgi?41509</subfield>
        </datafield>
        <datafield tag="700" ind1=" " ind2="2">
            <subfield code="a">Moore, Ward</subfield>
            <subfield code="t">The fellow who married the Maxill girl</subfield>
            <subfield code="1">http://www.isfdb.org/cgi-bin/title.cgi?41407</subfield>
        </datafield>
        <datafield tag="700" ind1=" " ind2="2">
            <subfield code="a">McKenna, Richard</subfield>
            <subfield code="t">Mine own ways</subfield>
            <subfield code="1">http://www.isfdb.org/cgi-bin/title.cgi?41151</subfield>
        </datafield>
        <datafield tag="700" ind1=" " ind2="2">
            <subfield code="a">Raphael, Rich</subfield>
            <subfield code="t">Make mine homogenized</subfield>
            <subfield code="1">http://www.isfdb.org/cgi-bin/title.cgi?41185</subfield>
        </datafield>
        <datafield tag="700" ind1=" " ind2="2">
            <subfield code="a">Smith, Cordwainer</subfield>
            <subfield code="t">The lady who sailed the soul</subfield>
            <subfield code="1">http://www.isfdb.org/cgi-bin/title.cgi?1460247</subfield>
        </datafield>
        <datafield tag="700" ind1=" " ind2="2">
            <subfield code="a">Clarke, Arthur C.</subfield>
            <subfield code="t">I remember Babylon</subfield>
            <subfield code="1">http://www.isfdb.org/cgi-bin/title.cgi?41299</subfield>
        </datafield>
        <datafield tag="700" ind1=" " ind2="2">
            <subfield code="a">Slesar, Henry</subfield>
            <subfield code="t">Chief</subfield>
            <subfield code="1">http://www.isfdb.org/cgi-bin/title.cgi?41563</subfield>
        </datafield>
        <datafield tag="700" ind1=" " ind2="2">
            <subfield code="a">Anvil, Christopher</subfield>
            <subfield code="t">Mind partner</subfield>
            <subfield code="1">http://www.isfdb.org/cgi-bin/title.cgi?41153</subfield>
        </datafield>
        <datafield tag="700" ind1=" " ind2="2">
            <subfield code="a">Knight, Damon</subfield>
            <subfield code="t">The handler</subfield>
            <subfield code="1">http://www.isfdb.org/cgi-bin/title.cgi?41339</subfield>
        </datafield>
        <datafield tag="700" ind1=" " ind2="2">
            <subfield code="a">Ballard, J. G.</subfield>
            <subfield code="d">1930-2009</subfield>
            <subfield code="t">The voices of time</subfield>
            <subfield code="1">http://www.isfdb.org/cgi-bin/title.cgi?40816</subfield>
        </datafield>
        <datafield tag="740" ind1="0" ind2=" ">
            <subfield code="a">Great SF stories #22 (1959)</subfield>
        </datafield>
    </record>