
    <record>
        <leader>03340cam a2200481 a 4500</leader>
        <controlfield tag="001">1569583</controlfield>
        <controlfield tag="003">LC</controlfield>
        <controlfield tag="005">20140625101154.0</controlfield>
        <controlfield tag="008">920721s1992    nyu           000 1 eng  </controlfield>
        <datafield tag="010" ind1=" " ind2=" ">
            <subfield code="a">   92188624 </subfield>
        </datafield>
        <datafield tag="020" ind1=" " ind2=" ">
            <subfield code="a">0886774950 :</subfield>
            <subfield code="c">$5.50 ($6.50 Can.)</subfield>
        </datafield>
        <datafield tag="082" ind1="0" ind2="0">
            <subfield code="a">813/.0876208</subfield>
            <subfield code="2">20</subfield>
        </datafield>
        <datafield tag="245" ind1="0" ind2="0">
            <subfield code="a">Isaac Asimov presents the great SF stories #24 (1962) /</subfield>
            <subfield code="c">edited by Isaac Asimov and Martin H. Greenberg.</subfield>
        </datafield>
        <datafield tag="260" ind1=" " ind2=" ">
            <subfield code="a">New York, NY :</subfield>
            <subfield code="b">DAW Books,</subfield>
            <subfield code="c">c1992.</subfield>
        </datafield>
        <datafield tag="300" ind1=" " ind2=" ">
            <subfield code="a">348 pages ;</subfield>
            <subfield code="c">18 cm.</subfield>
        </datafield>
        <datafield tag="336" ind1=" " ind2=" ">
            <subfield code="a">text</subfield>
            <subfield code="2">rdacontent</subfield>
            <subfield code="0">http://rdaregistry.info/termList/RDAContentType/1020</subfield>
        </datafield>
        <datafield tag="337" ind1=" " ind2=" ">
            <subfield code="a">unmediated</subfield>
            <subfield code="2">rdamedia</subfield>
            <subfield code="0">http://rdaregistry.info/termList/RDAMediaType/1007</subfield>
        </datafield>
        <datafield tag="338" ind1=" " ind2=" ">
            <subfield code="a">volume</subfield>
            <subfield code="2">rdacarrier</subfield>
            <subfield code="0">http://rdaregistry.info/termList/RDACarrierType/1049</subfield>
        </datafield>
        <datafield tag="380" ind1=" " ind2=" ">
            <subfield code="a">Språkbasert verk</subfield>
            <subfield code="1">https://schema.nb.no/Bibliographic/Values/V1000</subfield>
        </datafield>
        <datafield tag="440" ind1=" " ind2="0">
            <subfield code="a">DAW book collectors ;</subfield>
            <subfield code="v">no. 871</subfield>
        </datafield>
        <datafield tag="500" ind1=" " ind2=" ">
            <subfield code="a">Spine title: The great SF stories, 24.</subfield>
        </datafield>
        <datafield tag="505" ind1="0" ind2=" ">
            <subfield code="a">The insane ones / J.G. Ballard -- Christmas treason / James White -- Seven-day terror / R.A. Lafferty -- Kings who die / Poul Anderson -- The man who made friends with electricity / Fritz Leiber -- Hang head, vandal! / Mark Clifton -- The weather man / Theodore L. Thomas -- Earthlings go home! / Mack Reynolds -- The streets of ashkelon / Harry Harrison -- When you care, when you love / Theodore Sturgeon -- The ballad of lost c'mell / Cordwainer Smith -- Gadget vs. trend / Christopher Anvil -- Roofs of silver / Gordon R. Dickson.</subfield>
        </datafield>
        <datafield tag="700" ind1="1" ind2=" ">
            <subfield code="a">Asimov, Isaac</subfield>
            <subfield code="d">1920-1992.</subfield>
            <subfield code="4">edc</subfield>
            <subfield code="4">edt</subfield>
            <subfield code="1">http://viaf.org/viaf/24597135</subfield>
            <subfield code="4">http://rdaregistry.info/Elements/m/object/P30267</subfield>
        </datafield>
        <datafield tag="700" ind1="1" ind2=" ">
            <subfield code="a">Greenberg, Martin Harry</subfield>
            <subfield code="4">edc</subfield>
            <subfield code="4">edt</subfield>
            <subfield code="1">http://viaf.org/viaf/108898602</subfield>
            <subfield code="4">http://rdaregistry.info/Elements/m/object/P30267</subfield>
        </datafield>
        <datafield tag="700" ind1="0" ind2=" ">
            <subfield code="a">Ballard, J. G.</subfield>
            <subfield code="d">1930-2009</subfield>
            <subfield code="t">The insane ones</subfield>
            <subfield code="1">http://www.isfdb.org/cgi-bin/title.cgi?41280</subfield>
        </datafield>
        <datafield tag="700" ind1=" " ind2="2">
            <subfield code="a">White, James</subfield>
            <subfield code="t">Christmas treason</subfield>
            <subfield code="1">http://www.isfdb.org/cgi-bin/title.cgi?57727</subfield>
        </datafield>
        <datafield tag="700" ind1=" " ind2="2">
            <subfield code="a">Lafferty, R.A.</subfield>
            <subfield code="t">Seven-day terror</subfield>
            <subfield code="1">http://www.isfdb.org/cgi-bin/title.cgi?40956</subfield>
        </datafield>
        <datafield tag="700" ind1=" " ind2="2">
            <subfield code="a">Anderson, Poul</subfield>
            <subfield code="t">Kings who die</subfield>
            <subfield code="1">http://www.isfdb.org/cgi-bin/title.cgi?41237</subfield>
        </datafield>
        <datafield tag="700" ind1=" " ind2="2">
            <subfield code="a">Leiber, Fritz</subfield>
            <subfield code="t">The man who made friends with electricity</subfield>
            <subfield code="1">http://www.isfdb.org/cgi-bin/title.cgi?74494</subfield>
        </datafield>
        <datafield tag="700" ind1=" " ind2="2">
            <subfield code="a">Clifton, Mark</subfield>
            <subfield code="t">Hang head, vandal!</subfield>
            <subfield code="1">http://www.isfdb.org/cgi-bin/title.cgi?41338</subfield>
        </datafield>
        <datafield tag="700" ind1=" " ind2="2">
            <subfield code="a">Thomas, Theodore L.</subfield>
            <subfield code="t">The weather man</subfield>
            <subfield code="1">http://www.isfdb.org/cgi-bin/title.cgi?55492</subfield>
        </datafield>
        <datafield tag="700" ind1=" " ind2="2">
            <subfield code="a">Reynolds, Mack</subfield>
            <subfield code="t">Earthlings go home!</subfield>
            <subfield code="1">http://www.isfdb.org/cgi-bin/title.cgi?41455</subfield>
        </datafield>
        <datafield tag="700" ind1=" " ind2="2">
            <subfield code="a">Harrison, Harry</subfield>
            <subfield code="t">The streets of Ashkelon</subfield>
            <subfield code="1">http://www.isfdb.org/cgi-bin/title.cgi?66842</subfield>
        </datafield>
        <datafield tag="700" ind1=" " ind2="2">
            <subfield code="a">Sturgeon, Theodore</subfield>
            <subfield code="t">When you care, when you love</subfield>
            <subfield code="1">http://www.isfdb.org/cgi-bin/title.cgi?56330</subfield>
        </datafield>
        <datafield tag="700" ind1=" " ind2="2">
            <subfield code="a">Smith, Cordwainer</subfield>
            <subfield code="t">The ballad of lost c'mell</subfield>
            <subfield code="1">http://www.isfdb.org/cgi-bin/title.cgi?57036</subfield>
        </datafield>
        <datafield tag="700" ind1=" " ind2="2">
            <subfield code="a">Anvil, Christopher</subfield>
            <subfield code="t">Gadget vs. trend</subfield>
            <subfield code="1">http://www.isfdb.org/cgi-bin/title.cgi?55454</subfield>
        </datafield>
        <datafield tag="700" ind1=" " ind2="2">
            <subfield code="a">Dickson, Gordon R.</subfield>
            <subfield code="t">Roofs of silver</subfield>
            <subfield code="1">http://www.isfdb.org/cgi-bin/title.cgi?40982</subfield>
        </datafield>
        <datafield tag="740" ind1="0" ind2=" ">
            <subfield code="a">Great SF stories, 24.</subfield>
        </datafield>
    </record>