
    <record>
        <leader>01849cam a2200301 a 4500</leader>
        <controlfield tag="001">522527</controlfield>
        <controlfield tag="003">LC</controlfield>
        <controlfield tag="005">20090421110019.0</controlfield>
        <controlfield tag="008">860417s1985    gw       b    000 0 ger  </controlfield>
        <datafield tag="010" ind1=" " ind2=" ">
            <subfield code="a">   86147128 </subfield>
        </datafield>
        <datafield tag="020" ind1=" " ind2=" ">
            <subfield code="a">3890482066</subfield>
        </datafield>
        <datafield tag="082" ind1="0" ind2="0">
            <subfield code="a">823/.914</subfield>
            <subfield code="2">19</subfield>
        </datafield>
        <datafield tag="245" ind1="0" ind2="0">
            <subfield code="a">J.G. Ballard, der Visionär des Phantastischen /</subfield>
            <subfield code="c">herausgegeben von Joachim Körber.</subfield>
        </datafield>
        <datafield tag="260" ind1=" " ind2=" ">
            <subfield code="a">Meitingen :</subfield>
            <subfield code="b">Corian-Verlag,</subfield>
            <subfield code="c">c1985.</subfield>
        </datafield>
        <datafield tag="300" ind1=" " ind2=" ">
            <subfield code="a">176 pages ;</subfield>
            <subfield code="c">21 cm.</subfield>
        </datafield>
        <datafield tag="336" ind1=" " ind2=" ">
            <subfield code="a">text</subfield>
            <subfield code="2">rdacontent</subfield>
            <subfield code="0">http://rdaregistry.info/termList/RDAContentType/1020</subfield>
        </datafield>
        <datafield tag="337" ind1=" " ind2=" ">
            <subfield code="a">unmediated</subfield>
            <subfield code="2">rdamedia</subfield>
            <subfield code="0">http://rdaregistry.info/termList/RDAMediaType/1007</subfield>
        </datafield>
        <datafield tag="338" ind1=" " ind2=" ">
            <subfield code="a">volume</subfield>
            <subfield code="2">rdacarrier</subfield>
            <subfield code="0">http://rdaregistry.info/termList/RDACarrierType/1049</subfield>
        </datafield>
        <datafield tag="380" ind1=" " ind2=" ">
            <subfield code="a">Språkbasert verk</subfield>
            <subfield code="1">https://schema.nb.no/Bibliographic/Values/V1000</subfield>
        </datafield>
        <datafield tag="440" ind1=" " ind2="0">
            <subfield code="a">Edition Futurum ;</subfield>
            <subfield code="v">Bd. 6</subfield>
        </datafield>
        <datafield tag="504" ind1=" " ind2=" ">
            <subfield code="a">Includes bibliographical references.</subfield>
        </datafield>
        <datafield tag="505" ind1="0" ind2=" ">
            <subfield code="a">Raum, Zeit und Entropie / Michael K. Iwoleit -- Das Lächeln / J.G. Ballard -- Von Shanghai nach Shepperton / J.G. Ballard &amp; David Pringle -- J.G. Ballard und die Grenzen der Mainstream-SF / Charles Nicol -- Das Angriffsziel / J.G. Ballard -- Ein Interview mit J.G. Ballard / Werner Fuchs, Joachim Körber -- Die Einheit der Welt / Franz Rottensteiner -- Die hermetische Welt der Moderne / Joachim Körber -- Die Schreckensgalerie / Heinrich Keim -- Das Attentat auf John F. Kennedy, als Bergab-Autorennen inszeniert / J.G. Ballard -- Bibliographie / Joachim Körber &amp; Uli Kohnle.</subfield>
        </datafield>
        <datafield tag="600" ind1="1" ind2="0">
            <subfield code="a">Ballard, J. G.</subfield>
            <subfield code="d">1930-2009</subfield>
            <subfield code="x">Criticism and interpretation</subfield>
            <subfield code="1">http://viaf.org/viaf/9842556</subfield>
        </datafield>
        <datafield tag="700" ind1="1" ind2=" ">
            <subfield code="a">Körber, Joachim</subfield>
            <subfield code="4">trl</subfield>
            <subfield code="1">http://viaf.org/viaf/37083705</subfield>
            <subfield code="4">http://rdaregistry.info/Elements/e/object/P20037</subfield>
        </datafield>
    </record>