
    <record>
        <leader>02695cam a2200397 a 4500</leader>
        <controlfield tag="001">17845099</controlfield>
        <controlfield tag="003">LC</controlfield>
        <controlfield tag="005">20200901150404.0</controlfield>
        <controlfield tag="008">130808s2012    ne       b    001 0 eng d</controlfield>
        <datafield tag="010" ind1=" " ind2=" ">
            <subfield code="a">  2013431852</subfield>
        </datafield>
        <datafield tag="016" ind1="7" ind2=" ">
            <subfield code="a">016149704</subfield>
            <subfield code="2">Uk</subfield>
        </datafield>
        <datafield tag="020" ind1=" " ind2=" ">
            <subfield code="a">9789042035577 (pbk.)</subfield>
        </datafield>
        <datafield tag="020" ind1=" " ind2=" ">
            <subfield code="a">9789401208321 (ebk.)</subfield>
        </datafield>
        <datafield tag="082" ind1="0" ind2="4">
            <subfield code="a">823.0109</subfield>
            <subfield code="2">23</subfield>
        </datafield>
        <datafield tag="245" ind1="0" ind2="0">
            <subfield code="a">Modernism, postmodernism, and the short story in English /</subfield>
            <subfield code="c">edited by Jorge Sacido.</subfield>
        </datafield>
        <datafield tag="260" ind1=" " ind2=" ">
            <subfield code="a">Amsterdam ;</subfield>
            <subfield code="a">New York, NY :</subfield>
            <subfield code="b">Rodopi,</subfield>
            <subfield code="c">2012.</subfield>
        </datafield>
        <datafield tag="300" ind1=" " ind2=" ">
            <subfield code="a">ix, 269 pages ;</subfield>
            <subfield code="c">23 cm.</subfield>
        </datafield>
        <datafield tag="336" ind1=" " ind2=" ">
            <subfield code="a">text</subfield>
            <subfield code="2">rdacontent</subfield>
            <subfield code="0">http://rdaregistry.info/termList/RDAContentType/1020</subfield>
        </datafield>
        <datafield tag="337" ind1=" " ind2=" ">
            <subfield code="a">unmediated</subfield>
            <subfield code="2">rdamedia</subfield>
            <subfield code="0">http://rdaregistry.info/termList/RDAMediaType/1007</subfield>
        </datafield>
        <datafield tag="338" ind1=" " ind2=" ">
            <subfield code="a">volume</subfield>
            <subfield code="2">rdacarrier</subfield>
            <subfield code="0">http://rdaregistry.info/termList/RDACarrierType/1049</subfield>
        </datafield>
        <datafield tag="380" ind1=" " ind2=" ">
            <subfield code="a">Språkbasert verk</subfield>
            <subfield code="1">https://schema.nb.no/Bibliographic/Values/V1000</subfield>
        </datafield>
        <datafield tag="490" ind1="1" ind2=" ">
            <subfield code="a">Postmodern studies ;</subfield>
            <subfield code="v">48</subfield>
        </datafield>
        <datafield tag="500" ind1=" " ind2=" ">
            <subfield code="a">Collection of texts published previously.</subfield>
        </datafield>
        <datafield tag="500" ind1=" " ind2=" ">
            <subfield code="a">Essays.</subfield>
        </datafield>
        <datafield tag="504" ind1=" " ind2=" ">
            <subfield code="a">Includes bibliographical references and index.</subfield>
        </datafield>
        <datafield tag="505" ind1="0" ind2="0">
            <subfield code="t">Modernism, postmodernism, and the short story in English /</subfield>
            <subfield code="r">Jorge Sacido --</subfield>
            <subfield code="g">I.</subfield>
            <subfield code="t">Refocusing "modernism" through the short story.</subfield>
            <subfield code="t">The short story and the difficulty of modernism /</subfield>
            <subfield code="r">Adrian Hunter ;</subfield>
            <subfield code="t">Allegory and fragmentation in Wyndham Lewis's The wild body and Djuna Barnes's A book /</subfield>
            <subfield code="r">José María Díaz --</subfield>
            <subfield code="g">II.</subfield>
            <subfield code="t">Subject vanishes: modernist contradiction, postmodernist effacement and the short story genre.</subfield>
            <subfield code="t">Man in a sidecar: madness, totality and narrative drive the short story /</subfield>
            <subfield code="r">Tim Armstrong ;</subfield>
            <subfield code="t">Stories, spectres, screens /</subfield>
            <subfield code="r">Fred Botting ;</subfield>
            <subfield code="t">The writing machine: J.G. Ballard in modern and postmodern short story theory /</subfield>
            <subfield code="r">Paul March-Russell --</subfield>
            <subfield code="g">III.</subfield>
            <subfield code="t">The subject reappears: postcolonial conflict and the other's stories.</subfield>
            <subfield code="t">Postmodernist tales from the couch /</subfield>
            <subfield code="r">Esther Sánchez-Pardo ;</subfield>
            <subfield code="t">Mind the gap: modernism in Salman Rushdie's postmodern short stories /</subfield>
            <subfield code="r">J. Manuel Barbeito and María Lozano ;</subfield>
            <subfield code="t">One anOther: Englishness in contemporary Irish short fiction /</subfield>
            <subfield code="r">Manuela Palacios --</subfield>
            <subfield code="g">IV.</subfield>
            <subfield code="t">Short stories from the contemporary underground.</subfield>
            <subfield code="t">A move against the dinosaurs: the new puritans and the short story /</subfield>
            <subfield code="r">José Francisco Fernández.</subfield>
        </datafield>
        <datafield tag="700" ind1="1" ind2=" ">
            <subfield code="a">Sacido, Jorge</subfield>
            <subfield code="4">edt</subfield>
            <subfield code="4">edc</subfield>
            <subfield code="4">http://rdaregistry.info/Elements/m/object/P30267</subfield>
        </datafield>
        <datafield tag="830" ind1=" " ind2="0">
            <subfield code="a">Postmodern studies ;</subfield>
            <subfield code="v">48.</subfield>
        </datafield>
    </record>