
    <record>
        <leader>03229cam a2200361 i 4500</leader>
        <controlfield tag="001">18974413</controlfield>
        <controlfield tag="003">LC</controlfield>
        <controlfield tag="005">20161006093645.0</controlfield>
        <controlfield tag="008">160212s2016    ne a     b    001 0 eng  </controlfield>
        <datafield tag="010" ind1=" " ind2=" ">
            <subfield code="a">  2015047189</subfield>
        </datafield>
        <datafield tag="020" ind1=" " ind2=" ">
            <subfield code="a">9789004302594 (hardback : alk. paper)</subfield>
        </datafield>
        <datafield tag="020" ind1=" " ind2=" ">
            <subfield code="z">9789004312074 (e-book)</subfield>
        </datafield>
        <datafield tag="082" ind1="0" ind2="0">
            <subfield code="a">809/.933561</subfield>
            <subfield code="2">23</subfield>
        </datafield>
        <datafield tag="245" ind1="0" ind2="0">
            <subfield code="a">Narrating life :</subfield>
            <subfield code="b">experiments with human and animal bodies in literature, science and art /</subfield>
            <subfield code="c">edited by Stefan Herbrechter, Elisabeth Friis.</subfield>
        </datafield>
        <datafield tag="264" ind1=" " ind2="1">
            <subfield code="a">Leiden ;</subfield>
            <subfield code="a">Boston :</subfield>
            <subfield code="b">Brill Rodopi,</subfield>
            <subfield code="c">[2016]</subfield>
        </datafield>
        <datafield tag="300" ind1=" " ind2=" ">
            <subfield code="a">xiii, 335 pages :</subfield>
            <subfield code="b">illustrations (chiefly color) ;</subfield>
            <subfield code="c">25 cm.</subfield>
        </datafield>
        <datafield tag="336" ind1=" " ind2=" ">
            <subfield code="a">text</subfield>
            <subfield code="2">rdacontent</subfield>
            <subfield code="0">http://rdaregistry.info/termList/RDAContentType/1020</subfield>
        </datafield>
        <datafield tag="337" ind1=" " ind2=" ">
            <subfield code="a">unmediated</subfield>
            <subfield code="2">rdamedia</subfield>
            <subfield code="0">http://rdaregistry.info/termList/RDAMediaType/1007</subfield>
        </datafield>
        <datafield tag="338" ind1=" " ind2=" ">
            <subfield code="a">volume</subfield>
            <subfield code="2">rdacarrier</subfield>
            <subfield code="0">http://rdaregistry.info/termList/RDACarrierType/1049</subfield>
        </datafield>
        <datafield tag="490" ind1="0" ind2=" ">
            <subfield code="a">Experimental practices,</subfield>
            <subfield code="x">1873-8788 ;</subfield>
            <subfield code="v">volume 1</subfield>
        </datafield>
        <datafield tag="504" ind1=" " ind2=" ">
            <subfield code="a">Includes bibliographical references and index.</subfield>
        </datafield>
        <datafield tag="505" ind1="0" ind2=" ">
            <subfield code="a">Narrating-life: in lieu of an introduction / Stefan Herbrechter -- Fiction. From Lives/ David Wagner -- Narrating life in literature. In my core I have the strange impression that I don't belong to the human species: Clarice Lispector's Agua viva as life writing? / Elisabeth Friis -- Charting Solar Systems, Exoplanets and Earth 2.0 / Holly Henry -- Species Encounters: 0. Butler Meets Haraway Meets Deleuze and Guattari / Tom ldema -- Solid-State Fiction: J. G. Ballard and the Crystallization of Life / Moritz Ingwersen -- Dissonance, Data, and DNA: Aesthetics, Biopolitics and Transgenic Music in Richard Powers' Orfeo / Cristina Iuli -- "Chromosomal Cuties", "Fembots", a "Chatty Cyber Trio" or "Cantankerous Clones"? Lynn Hershman Leeson's Teknolust / Tania Nusser -- Submarine Experiments with Human Lives by Chrismoph -- Ransmayr- a waterman narrates / Manuela Rossini -- In Toxicating Languages of Bioinformatic Circulation: Poetics and Other "Smallwork" in The Flame Alphabet /  Laura Shackelford -- Life beyond "critique": Murakami after Latour / Jeff Wallace -- Aporias of Survival: Kafka's Alien Incursion / Dominik Zechner -- The Atlas of Man (If by Man We Also Mean Woman) / Steve Tomasula -- Narrating Life in Science. Linear Time and Revolutionary Time: Humans, Apes, and Temporality in Scientific and Literary Narratives / Amelie Bjorck -- Ecolinguistic Activism: How and Why to Rite / Angela Rawlings -- Death Writing: Toward a Bestiary of the Biological Real /  Dorion Sagan -- Experimenting with bones / Marianne Sommer -- The Sponge Diver or Bodies on the Seabed / Amalie Smith.</subfield>
        </datafield>
        <datafield tag="700" ind1="1" ind2=" ">
            <subfield code="a">Friis, Elisabeth</subfield>
            <subfield code="e">editor</subfield>
            <subfield code="4">edt</subfield>
            <subfield code="4">edc</subfield>
            <subfield code="4">http://rdaregistry.info/Elements/m/object/P30267</subfield>
        </datafield>
        <datafield tag="700" ind1="1" ind2=" ">
            <subfield code="a">Herbrechter, Stefan</subfield>
            <subfield code="e">editor</subfield>
            <subfield code="4">edt</subfield>
            <subfield code="4">edc</subfield>
            <subfield code="4">http://rdaregistry.info/Elements/m/object/P30267</subfield>
        </datafield>
        <datafield tag="776" ind1="0" ind2="8">
            <subfield code="i">Online version:</subfield>
            <subfield code="t">Narrating life</subfield>
            <subfield code="d">Leiden ; Boston : Brill Rodopi, 2016</subfield>
            <subfield code="z">9789004312074</subfield>
            <subfield code="w">(DLC) 2016007874</subfield>
        </datafield>
    </record>