
    <record>
        <leader>05379cam a2200673 a 4500</leader>
        <controlfield tag="001">13907304</controlfield>
        <controlfield tag="003">LC</controlfield>
        <controlfield tag="005">20080505103434.0</controlfield>
        <controlfield tag="008">050322s2004    nyua          000 1 eng d</controlfield>
        <datafield tag="010" ind1=" " ind2=" ">
            <subfield code="a">  2005273377</subfield>
        </datafield>
        <datafield tag="020" ind1=" " ind2=" ">
            <subfield code="a">1568583176 (pbk.)</subfield>
        </datafield>
        <datafield tag="082" ind1="0" ind2="0">
            <subfield code="a">823/.0876208</subfield>
            <subfield code="2">22</subfield>
        </datafield>
        <datafield tag="245" ind1="0" ind2="0">
            <subfield code="a">New worlds :</subfield>
            <subfield code="b">an anthology /</subfield>
            <subfield code="c">edited by Michael Moorcock.</subfield>
        </datafield>
        <datafield tag="250" ind1=" " ind2=" ">
            <subfield code="a">U.S. ed.</subfield>
        </datafield>
        <datafield tag="260" ind1=" " ind2=" ">
            <subfield code="a">New York :</subfield>
            <subfield code="b">Thunder's Mouth Press,</subfield>
            <subfield code="c">c2004.</subfield>
        </datafield>
        <datafield tag="300" ind1=" " ind2=" ">
            <subfield code="a">xxx, 386 pages :</subfield>
            <subfield code="b">illustrations ;</subfield>
            <subfield code="c">21 cm.</subfield>
        </datafield>
        <datafield tag="336" ind1=" " ind2=" ">
            <subfield code="a">text</subfield>
            <subfield code="2">rdacontent</subfield>
            <subfield code="0">http://rdaregistry.info/termList/RDAContentType/1020</subfield>
        </datafield>
        <datafield tag="337" ind1=" " ind2=" ">
            <subfield code="a">unmediated</subfield>
            <subfield code="2">rdamedia</subfield>
            <subfield code="0">http://rdaregistry.info/termList/RDAMediaType/1007</subfield>
        </datafield>
        <datafield tag="338" ind1=" " ind2=" ">
            <subfield code="a">volume</subfield>
            <subfield code="2">rdacarrier</subfield>
            <subfield code="0">http://rdaregistry.info/termList/RDACarrierType/1049</subfield>
        </datafield>
        <datafield tag="380" ind1=" " ind2=" ">
            <subfield code="a">Språkbasert verk</subfield>
            <subfield code="1">https://schema.nb.no/Bibliographic/Values/V1000</subfield>
        </datafield>
        <datafield tag="505" ind1="0" ind2="0">
            <subfield code="t">Gravity / Harvey Jacobs -- Concentrate 3 / Michael Butterworth -- Dr. Gelabius / Hilary Bailey -- Four-colour problem / Barrington Bayley -- Running down / M. John Harrison -- Eye of the lens / Langdon Jones -- Assassination weapon / J.G. Ballard -- Heat death of the universe / Pamela Zoline -- Valve transcript / Joel Zoss -- Tank trapeze / Michael Moorcock -- Angouleme / Thomas M. Disch -- Scream / Giles Gordon -- Masterson and the clerks / John T. Sladek -- Multi-value motorway / Brian W. Aldiss -- Traveler's rest / David I. Masson -- Landscape of shallows / Christopher Finch -- Disaster story / Charles Platt -- Conversations at Ma Maia Metron / Robert Meadley -- No direction home / Norman Spinrad -- Realms of Tolkien / Daphne Castell -- Jeremiad / James Sallis -- Party at Lady Cusp-Canine's / Mervyn Peake -- Soft world sequence / George MacBeth -- Space hopping with Captain God / John T. Sladek -- Scholia, seasoned with crabs, blish is / John Clute -- Sweet analytics / M. John Harrison -- Literature of acceptance / James Colvin -- Alphabets of unreason / J.G. Ballard -- Language mechanisms / Christopher Finch -- Languages of science / David Harvey.</subfield>
        </datafield>
        <datafield tag="700" ind1="1" ind2=" ">
            <subfield code="a">Moorcock, Michael</subfield>
            <subfield code="d">1939-</subfield>
            <subfield code="4">edt</subfield>
            <subfield code="4">edc</subfield>
            <subfield code="4">http://rdaregistry.info/Elements/m/object/P30267</subfield>
        </datafield>
        <datafield tag="700" ind1=" " ind2="2">
            <subfield code="a">Jacobs, Harvey</subfield>
            <subfield code="t">Gravity</subfield>
            <subfield code="1">http://www.isfdb.org/cgi-bin/title.cgi?57492</subfield>
        </datafield>
        <datafield tag="700" ind1=" " ind2="2">
            <subfield code="a">Butterworth, Michael</subfield>
            <subfield code="t">Concentrate 3</subfield>
            <subfield code="1">http://www.isfdb.org/cgi-bin/title.cgi?58039</subfield>
        </datafield>
        <datafield tag="700" ind1=" " ind2="2">
            <subfield code="a">Bailey, Hilary</subfield>
            <subfield code="t">Dr. Gelabius</subfield>
            <subfield code="1">http://www.isfdb.org/cgi-bin/title.cgi?57522</subfield>
        </datafield>
        <datafield tag="700" ind1=" " ind2="2">
            <subfield code="a">Bayley, Barrington</subfield>
            <subfield code="t">Four-colour problem</subfield>
            <subfield code="1">http://viaf.org/viaf/6550154076044211860003</subfield>
        </datafield>
        <datafield tag="700" ind1=" " ind2="2">
            <subfield code="a">Harrison, M. John</subfield>
            <subfield code="t">Running down</subfield>
            <subfield code="1">http://www.isfdb.org/cgi-bin/title.cgi?57995</subfield>
        </datafield>
        <datafield tag="700" ind1=" " ind2="2">
            <subfield code="a">Jones, Langdon</subfield>
            <subfield code="t">Eye of the lens</subfield>
            <subfield code="1">http://www.isfdb.org/cgi-bin/title.cgi?57965</subfield>
        </datafield>
        <datafield tag="700" ind1=" " ind2="2">
            <subfield code="a">Ballard, J. G.</subfield>
            <subfield code="d">1930-2009</subfield>
            <subfield code="t">Assassination weapon</subfield>
            <subfield code="1">http://www.isfdb.org/cgi-bin/title.cgi?57578</subfield>
        </datafield>
        <datafield tag="700" ind1=" " ind2="2">
            <subfield code="a">Zoline, Pamela</subfield>
            <subfield code="t">Heat death of the universe</subfield>
            <subfield code="1">http://www.isfdb.org/cgi-bin/title.cgi?58129</subfield>
        </datafield>
        <datafield tag="700" ind1=" " ind2="2">
            <subfield code="a">Zoss, Joel</subfield>
            <subfield code="t">Valve transcript</subfield>
            <subfield code="1">http://www.isfdb.org/cgi-bin/title.cgi?57767</subfield>
        </datafield>
        <datafield tag="700" ind1=" " ind2="2">
            <subfield code="a">Moorcock, Michael</subfield>
            <subfield code="t">Tank trapeze</subfield>
            <subfield code="1">http://www.isfdb.org/cgi-bin/title.cgi?58066</subfield>
        </datafield>
        <datafield tag="700" ind1=" " ind2="2">
            <subfield code="a">Disch, Thomas M.</subfield>
            <subfield code="t">Angouleme</subfield>
            <subfield code="1">http://www.isfdb.org/cgi-bin/title.cgi?41658</subfield>
        </datafield>
        <datafield tag="700" ind1=" " ind2="2">
            <subfield code="a">Gordon, Giles</subfield>
            <subfield code="t">Scream</subfield>
            <subfield code="1">http://www.isfdb.org/cgi-bin/title.cgi?57442</subfield>
        </datafield>
        <datafield tag="700" ind1=" " ind2="2">
            <subfield code="a">Sladek, John T.</subfield>
            <subfield code="t">Masterson and the clerks</subfield>
            <subfield code="1">http://www.isfdb.org/cgi-bin/title.cgi?833768</subfield>
        </datafield>
        <datafield tag="700" ind1=" " ind2="2">
            <subfield code="a">Aldiss, Brian W.</subfield>
            <subfield code="t">Multi-value motorway</subfield>
            <subfield code="1">http://www.isfdb.org/cgi-bin/title.cgi?56864</subfield>
        </datafield>
        <datafield tag="700" ind1=" " ind2="2">
            <subfield code="a">Masson, David I.</subfield>
            <subfield code="t">Traveler's rest</subfield>
            <subfield code="1">http://www.isfdb.org/cgi-bin/title.cgi?43952</subfield>
        </datafield>
        <datafield tag="700" ind1=" " ind2="2">
            <subfield code="a">Finch, Christopher</subfield>
            <subfield code="t">Landscape of shallows</subfield>
            <subfield code="1">http://www.isfdb.org/cgi-bin/title.cgi?56996</subfield>
        </datafield>
        <datafield tag="700" ind1=" " ind2="2">
            <subfield code="a">Platt, Charles</subfield>
            <subfield code="t">Disaster story</subfield>
            <subfield code="1">http://www.isfdb.org/cgi-bin/title.cgi?56988</subfield>
        </datafield>
        <datafield tag="700" ind1=" " ind2="2">
            <subfield code="a">Meadley, Robert</subfield>
            <subfield code="t">Conversations at Ma Maia Metron</subfield>
            <subfield code="1">http://www.isfdb.org/cgi-bin/title.cgi?58535</subfield>
        </datafield>
        <datafield tag="700" ind1=" " ind2="2">
            <subfield code="a">Spinrad, Norman</subfield>
            <subfield code="t">No direction home</subfield>
            <subfield code="1">http://www.isfdb.org/cgi-bin/title.cgi?43764</subfield>
        </datafield>
        <datafield tag="700" ind1=" " ind2="2">
            <subfield code="a">Castell, Daphne</subfield>
            <subfield code="t">Realms of Tolkien</subfield>
            <subfield code="1">http://www.isfdb.org/cgi-bin/title.cgi?535177</subfield>
        </datafield>
        <datafield tag="700" ind1=" " ind2="2">
            <subfield code="a">Sallis, James</subfield>
            <subfield code="t">Jeremiad</subfield>
            <subfield code="1">http://www.isfdb.org/cgi-bin/title.cgi?95346</subfield>
        </datafield>
        <datafield tag="700" ind1=" " ind2="2">
            <subfield code="a">Peake, Mervyn</subfield>
            <subfield code="t">Party at Lady Cusp-Canine's</subfield>
            <subfield code="1">http://www.isfdb.org/cgi-bin/title.cgi?82840</subfield>
        </datafield>
        <datafield tag="700" ind1=" " ind2="2">
            <subfield code="a">MacBeth, George</subfield>
            <subfield code="t">Soft world sequence</subfield>
            <subfield code="1">http://www.isfdb.org/cgi-bin/title.cgi?57418</subfield>
        </datafield>
        <datafield tag="700" ind1=" " ind2="2">
            <subfield code="a">Sladek, John T.</subfield>
            <subfield code="t">Space hopping with Captain God</subfield>
            <subfield code="1">http://www.isfdb.org/cgi-bin/title.cgi?57807</subfield>
        </datafield>
        <datafield tag="700" ind1=" " ind2="2">
            <subfield code="a">Clute, John</subfield>
            <subfield code="t">Scholia, seasoned with crabs, blish is</subfield>
            <subfield code="1">http://www.isfdb.org/cgi-bin/title.cgi?57780</subfield>
        </datafield>
        <datafield tag="700" ind1=" " ind2="2">
            <subfield code="a">Harrison, M. John</subfield>
            <subfield code="t">Sweet analytics</subfield>
            <subfield code="1">http://www.isfdb.org/cgi-bin/title.cgi?57996</subfield>
        </datafield>
        <datafield tag="700" ind1=" " ind2="2">
            <subfield code="a">Colvin, James</subfield>
            <subfield code="t">Literature of acceptance</subfield>
            <subfield code="1">http://www.isfdb.org/cgi-bin/title.cgi?193849</subfield>
        </datafield>
        <datafield tag="700" ind1=" " ind2="2">
            <subfield code="a">Ballard, J. G.</subfield>
            <subfield code="d">1930-2009</subfield>
            <subfield code="t">Alphabets of unreason</subfield>
            <subfield code="1">http://www.isfdb.org/cgi-bin/title.cgi?57576</subfield>
        </datafield>
        <datafield tag="700" ind1=" " ind2="2">
            <subfield code="a">Finch, Christopher</subfield>
            <subfield code="t">Language mechanisms</subfield>
            <subfield code="1">http://www.isfdb.org/cgi-bin/title.cgi?56997</subfield>
        </datafield>
        <datafield tag="700" ind1=" " ind2="2">
            <subfield code="a">Harvey, David</subfield>
            <subfield code="t">Languages of science</subfield>
            <subfield code="1">http://www.isfdb.org/cgi-bin/title.cgi?57101</subfield>
        </datafield>
    </record>