
    <record>
        <leader>04656cam a2200625 a 4500</leader>
        <controlfield tag="001">2150469</controlfield>
        <controlfield tag="003">LC</controlfield>
        <controlfield tag="005">19990305151738.4</controlfield>
        <controlfield tag="008">980612s1998    nyu           000 1 eng d</controlfield>
        <datafield tag="010" ind1=" " ind2=" ">
            <subfield code="a">   98164539 </subfield>
        </datafield>
        <datafield tag="020" ind1=" " ind2=" ">
            <subfield code="a">0061052884 :</subfield>
            <subfield code="c">$25.00 ($36.50 Can.)</subfield>
        </datafield>
        <datafield tag="024" ind1="3" ind2="0">
            <subfield code="a">780061052880</subfield>
            <subfield code="d">52500</subfield>
        </datafield>
        <datafield tag="082" ind1="0" ind2="0">
            <subfield code="a">813/.0876608</subfield>
            <subfield code="2">21</subfield>
        </datafield>
        <datafield tag="245" ind1="0" ind2="4">
            <subfield code="a">The Playboy book of science fiction /</subfield>
            <subfield code="c">edited by Alice K. Turner.</subfield>
        </datafield>
        <datafield tag="246" ind1="3" ind2="0">
            <subfield code="a">Book of science fiction</subfield>
        </datafield>
        <datafield tag="260" ind1=" " ind2=" ">
            <subfield code="a">New York :</subfield>
            <subfield code="b">HarperPrism,</subfield>
            <subfield code="c">1998</subfield>
        </datafield>
        <datafield tag="300" ind1=" " ind2=" ">
            <subfield code="a">vii, 469 pages ;</subfield>
            <subfield code="c">25 cm.</subfield>
        </datafield>
        <datafield tag="336" ind1=" " ind2=" ">
            <subfield code="a">text</subfield>
            <subfield code="2">rdacontent</subfield>
            <subfield code="0">http://rdaregistry.info/termList/RDAContentType/1020</subfield>
        </datafield>
        <datafield tag="337" ind1=" " ind2=" ">
            <subfield code="a">unmediated</subfield>
            <subfield code="2">rdamedia</subfield>
            <subfield code="0">http://rdaregistry.info/termList/RDAMediaType/1007</subfield>
        </datafield>
        <datafield tag="338" ind1=" " ind2=" ">
            <subfield code="a">volume</subfield>
            <subfield code="2">rdacarrier</subfield>
            <subfield code="0">http://rdaregistry.info/termList/RDACarrierType/1049</subfield>
        </datafield>
        <datafield tag="380" ind1=" " ind2=" ">
            <subfield code="a">Språkbasert verk</subfield>
            <subfield code="1">https://schema.nb.no/Bibliographic/Values/V1000</subfield>
        </datafield>
        <datafield tag="505" ind1="0" ind2="0">
            <subfield code="a">Lost city of Mars / Ray Bradbury -- Nine lives / Ursula K. Le Guin -- Deathwatch / Norman Spinrad -- Masks / Damon Knight -- Welcome to the Monkey House / Kurt Vonnegut -- Dead astronaut / J.G. Ballard -- Schematic man / Frederik Pohl -- Can you feel anything when I do this? / Robert Sheckley -- Transit of Earth / Arthur C. Clarke -- Report on the threatened city / Doris Lessing -- Leviathan / Larry Niven -- All the birds come home to roost / Harlan Ellison -- Apotheosis of Myra / Walter Tevis -- Frozen journey / Philip K. Dick -- Gianni / Robert Silverberg -- Word processor / Stephen King -- Interstellar pigeon / Donald E. Westlake -- Heirs of the perisphere / Howard Waldrop  -- Earth Station Charley / Billy Crystal -- Slow, slow burn / George Alec Effinger -- More than the sum of his parts / Joe Haldeman -- Sen Yen Babbo &amp; the heavenly host / Chet Williamson -- Fire zone emerald / Lucius Shepard -- Ghost standard / William Tenn -- Office romance / Terry Bisson.</subfield>
        </datafield>
        <datafield tag="700" ind1="1" ind2=" ">
            <subfield code="a">Turner, Alice K.</subfield>
            <subfield code="4">edt</subfield>
            <subfield code="4">edc</subfield>
            <subfield code="4">http://rdaregistry.info/Elements/m/object/P30267</subfield>
        </datafield>
        <datafield tag="700" ind1=" " ind2="2">
            <subfield code="a">Bradbury, Ray</subfield>
            <subfield code="t">Lost city of Mars</subfield>
            <subfield code="1">http://www.isfdb.org/cgi-bin/title.cgi?64878</subfield>
        </datafield>
        <datafield tag="700" ind1=" " ind2="2">
            <subfield code="a">Guin, Ursula K. Le</subfield>
            <subfield code="t">Nine lives</subfield>
            <subfield code="1">http://www.isfdb.org/cgi-bin/title.cgi?41107</subfield>
        </datafield>
        <datafield tag="700" ind1=" " ind2="2">
            <subfield code="a">Spinrad, Norman</subfield>
            <subfield code="t">Deathwatch</subfield>
            <subfield code="1">http://www.isfdb.org/cgi-bin/title.cgi?71515</subfield>
        </datafield>
        <datafield tag="700" ind1=" " ind2="2">
            <subfield code="a">Knight, Damon</subfield>
            <subfield code="t">Masks</subfield>
            <subfield code="1">http://www.isfdb.org/cgi-bin/title.cgi?41166</subfield>
        </datafield>
        <datafield tag="700" ind1=" " ind2="2">
            <subfield code="a">Vonnegut, Kurt</subfield>
            <subfield code="t">Welcome to the Monkey House</subfield>
            <subfield code="1">http://www.isfdb.org/cgi-bin/title.cgi?70680</subfield>
        </datafield>
        <datafield tag="700" ind1=" " ind2="2">
            <subfield code="a">Ballard, J. G.</subfield>
            <subfield code="d">1930-2009</subfield>
            <subfield code="t">Dead astronaut</subfield>
            <subfield code="1">http://www.isfdb.org/cgi-bin/title.cgi?57583</subfield>
        </datafield>
        <datafield tag="700" ind1=" " ind2="2">
            <subfield code="a">Pohl, Frederik</subfield>
            <subfield code="t">Schematic man</subfield>
            <subfield code="1">http://www.isfdb.org/cgi-bin/title.cgi?65744</subfield>
        </datafield>
        <datafield tag="700" ind1=" " ind2="2">
            <subfield code="a">Sheckley, Robert</subfield>
            <subfield code="t">Can you feel anything when I do this?</subfield>
            <subfield code="1">http://www.isfdb.org/cgi-bin/title.cgi?58546</subfield>
        </datafield>
        <datafield tag="700" ind1=" " ind2="2">
            <subfield code="a">Clarke, Arthur C.</subfield>
            <subfield code="t">Transit of Earth</subfield>
            <subfield code="1">http://www.isfdb.org/cgi-bin/title.cgi?44117</subfield>
        </datafield>
        <datafield tag="700" ind1=" " ind2="2">
            <subfield code="a">Lessing, Doris</subfield>
            <subfield code="t">Report on the threatened city</subfield>
            <subfield code="1">http://www.isfdb.org/cgi-bin/title.cgi?84746</subfield>
        </datafield>
        <datafield tag="700" ind1=" " ind2="2">
            <subfield code="a">Niven, Larry</subfield>
            <subfield code="t">Leviathan</subfield>
            <subfield code="1">http://www.isfdb.org/cgi-bin/title.cgi?62977</subfield>
        </datafield>
        <datafield tag="700" ind1=" " ind2="2">
            <subfield code="a">Ellison, Harlan</subfield>
            <subfield code="t">All the birds come home to roost</subfield>
            <subfield code="1">http://www.isfdb.org/cgi-bin/title.cgi?56350</subfield>
        </datafield>
        <datafield tag="700" ind1=" " ind2="2">
            <subfield code="a">Tevis, Walter</subfield>
            <subfield code="t">Apotheosis of Myra</subfield>
            <subfield code="1">http://www.isfdb.org/cgi-bin/title.cgi?84745</subfield>
        </datafield>
        <datafield tag="700" ind1=" " ind2="2">
            <subfield code="a">Dick, Philip K.</subfield>
            <subfield code="t">Frozen journey</subfield>
            <subfield code="1">http://www.isfdb.org/cgi-bin/title.cgi?58195</subfield>
        </datafield>
        <datafield tag="700" ind1=" " ind2="2">
            <subfield code="a">Silverberg, Robert</subfield>
            <subfield code="t">Gianni</subfield>
            <subfield code="1">http://www.isfdb.org/cgi-bin/title.cgi?58610</subfield>
        </datafield>
        <datafield tag="700" ind1=" " ind2="2">
            <subfield code="a">King, Stephen</subfield>
            <subfield code="t">Word processor</subfield>
            <subfield code="1">http://www.isfdb.org/cgi-bin/title.cgi?84744</subfield>
        </datafield>
        <datafield tag="700" ind1=" " ind2="2">
            <subfield code="a">Westlake, Donald E.</subfield>
            <subfield code="t">Interstellar pigeon</subfield>
            <subfield code="1">http://www.isfdb.org/cgi-bin/title.cgi?84743</subfield>
        </datafield>
        <datafield tag="700" ind1=" " ind2="2">
            <subfield code="a">Waldrop, Howard</subfield>
            <subfield code="t">Heirs of the perisphere</subfield>
            <subfield code="1">http://www.isfdb.org/cgi-bin/title.cgi?41328</subfield>
        </datafield>
        <datafield tag="700" ind1=" " ind2="2">
            <subfield code="a">Crystal, Billy</subfield>
            <subfield code="t">Earth Station Charley</subfield>
            <subfield code="1">http://www.isfdb.org/cgi-bin/title.cgi?84742</subfield>
        </datafield>
        <datafield tag="700" ind1=" " ind2="2">
            <subfield code="a">Effinger, George Alec</subfield>
            <subfield code="t">Slow, slow burn</subfield>
            <subfield code="1">http://www.isfdb.org/cgi-bin/title.cgi?84741</subfield>
        </datafield>
        <datafield tag="700" ind1=" " ind2="2">
            <subfield code="a">Haldeman, Joe</subfield>
            <subfield code="t">More than the sum of his parts</subfield>
            <subfield code="1">http://www.isfdb.org/cgi-bin/title.cgi?41143</subfield>
        </datafield>
        <datafield tag="700" ind1=" " ind2="2">
            <subfield code="a">Williamson, Chet</subfield>
            <subfield code="t">Sen Yen Babbo &amp; the heavenly host</subfield>
            <subfield code="1">http://www.isfdb.org/cgi-bin/title.cgi?84740</subfield>
        </datafield>
        <datafield tag="700" ind1=" " ind2="2">
            <subfield code="a">Shepard, Lucius</subfield>
            <subfield code="t">Fire zone emerald</subfield>
            <subfield code="1">http://www.isfdb.org/cgi-bin/title.cgi?42578</subfield>
        </datafield>
        <datafield tag="700" ind1=" " ind2="2">
            <subfield code="a">Tenn, William</subfield>
            <subfield code="t">Ghost standard</subfield>
            <subfield code="1">http://www.isfdb.org/cgi-bin/title.cgi?84739</subfield>
        </datafield>
        <datafield tag="700" ind1=" " ind2="2">
            <subfield code="a">Bisson, Terry</subfield>
            <subfield code="t">Office romance</subfield>
            <subfield code="1">http://www.isfdb.org/cgi-bin/title.cgi?82749</subfield>
        </datafield>
    </record>