
    <record>
        <leader>02628cam a2200409 a 4500</leader>
        <controlfield tag="001">4715873</controlfield>
        <controlfield tag="003">LC</controlfield>
        <controlfield tag="005">19990226142624.9</controlfield>
        <controlfield tag="008">831220s1984    cau           000 1 eng  </controlfield>
        <datafield tag="010" ind1=" " ind2=" ">
            <subfield code="a">   83026542 </subfield>
        </datafield>
        <datafield tag="020" ind1=" " ind2=" ">
            <subfield code="a">0151829756</subfield>
        </datafield>
        <datafield tag="082" ind1="0" ind2="0">
            <subfield code="a">808.83/876</subfield>
            <subfield code="2">19</subfield>
        </datafield>
        <datafield tag="245" ind1="0" ind2="4">
            <subfield code="a">The Slaying of the dragon :</subfield>
            <subfield code="b">modern tales of the playful imagination /</subfield>
            <subfield code="c">edited and with an introduction by Franz Rottensteiner.</subfield>
        </datafield>
        <datafield tag="250" ind1=" " ind2=" ">
            <subfield code="a">1st ed.</subfield>
        </datafield>
        <datafield tag="260" ind1=" " ind2=" ">
            <subfield code="a">San Diego [Calif.] :</subfield>
            <subfield code="b">Harcourt Brace Jovanovich,</subfield>
            <subfield code="c">c1984.</subfield>
        </datafield>
        <datafield tag="300" ind1=" " ind2=" ">
            <subfield code="a">xv, 303 pages ;</subfield>
            <subfield code="c">22 cm.</subfield>
        </datafield>
        <datafield tag="336" ind1=" " ind2=" ">
            <subfield code="a">text</subfield>
            <subfield code="2">rdacontent</subfield>
            <subfield code="0">http://rdaregistry.info/termList/RDAContentType/1020</subfield>
        </datafield>
        <datafield tag="337" ind1=" " ind2=" ">
            <subfield code="a">unmediated</subfield>
            <subfield code="2">rdamedia</subfield>
            <subfield code="0">http://rdaregistry.info/termList/RDAMediaType/1007</subfield>
        </datafield>
        <datafield tag="338" ind1=" " ind2=" ">
            <subfield code="a">volume</subfield>
            <subfield code="2">rdacarrier</subfield>
            <subfield code="0">http://rdaregistry.info/termList/RDACarrierType/1049</subfield>
        </datafield>
        <datafield tag="380" ind1=" " ind2=" ">
            <subfield code="a">Språkbasert verk</subfield>
            <subfield code="1">https://schema.nb.no/Bibliographic/Values/V1000</subfield>
        </datafield>
        <datafield tag="505" ind1="0" ind2=" ">
            <subfield code="a">The slaying of the dragon / Dino Buzzati -- Axolotl / Julio Cortázar -- The lottery in Babylon / Jorge Luis Borges -- With the gypsy girls / Mircea Eliade -- Aura / Carlos Fuentes -- Adam, one afternoon / Italo Calvino -- Story in a mirror / Ilse Aichinger -- The drowned giant / J.G. Ballard -- The emerald / Donald Barthelme -- Further confessions / Joyce Carol Oates -- The mask / Stanislaw Lem -- Biographical notes on the authors.</subfield>
        </datafield>
        <datafield tag="700" ind1="1" ind2=" ">
            <subfield code="a">Rottensteiner, Franz</subfield>
            <subfield code="4">edt</subfield>
            <subfield code="4">edc</subfield>
            <subfield code="4">http://rdaregistry.info/Elements/m/object/P30267</subfield>
        </datafield>
        <datafield tag="700" ind1=" " ind2="2">
            <subfield code="a">Buzzati, Dino</subfield>
            <subfield code="t">The slaying of the dragon</subfield>
            <subfield code="1">http://www.isfdb.org/cgi-bin/title.cgi?1573915</subfield>
        </datafield>
        <datafield tag="700" ind1=" " ind2="2">
            <subfield code="a">Cortázar, Julio</subfield>
            <subfield code="t">Axolotl</subfield>
            <subfield code="1">http://www.isfdb.org/cgi-bin/title.cgi?1439959</subfield>
        </datafield>
        <datafield tag="700" ind1=" " ind2="2">
            <subfield code="a">Borges, Jorge Luis</subfield>
            <subfield code="t">The lottery in Babylon</subfield>
            <subfield code="1">http://www.isfdb.org/cgi-bin/title.cgi?1300168</subfield>
        </datafield>
        <datafield tag="700" ind1=" " ind2="2">
            <subfield code="a">Eliade, Mircea</subfield>
            <subfield code="t">With the gypsy girls</subfield>
            <subfield code="1">http://www.isfdb.org/cgi-bin/title.cgi?1432811</subfield>
        </datafield>
        <datafield tag="700" ind1=" " ind2="2">
            <subfield code="a">Fuentes, Carlos</subfield>
            <subfield code="t">Aura</subfield>
            <subfield code="1">http://www.isfdb.org/cgi-bin/title.cgi?1482553</subfield>
        </datafield>
        <datafield tag="700" ind1=" " ind2="2">
            <subfield code="a">Calvino, Italo</subfield>
            <subfield code="t">Adam, one afternoon</subfield>
            <subfield code="1">http://www.isfdb.org/cgi-bin/title.cgi?1587746</subfield>
        </datafield>
        <datafield tag="700" ind1=" " ind2="2">
            <subfield code="a">Aichinger, Ilse</subfield>
            <subfield code="t">Story in a mirror</subfield>
            <subfield code="1">http://www.isfdb.org/cgi-bin/title.cgi?1319287</subfield>
        </datafield>
        <datafield tag="700" ind1=" " ind2="2">
            <subfield code="a">Ballard, J. G.</subfield>
            <subfield code="d">1930-2009</subfield>
            <subfield code="t">The drowned giant</subfield>
            <subfield code="1">http://www.isfdb.org/cgi-bin/title.cgi?43949</subfield>
        </datafield>
        <datafield tag="700" ind1=" " ind2="2">
            <subfield code="a">Barthelme, Donald</subfield>
            <subfield code="t">The emerald</subfield>
            <subfield code="1">http://www.isfdb.org/cgi-bin/title.cgi?709813</subfield>
        </datafield>
        <datafield tag="700" ind1=" " ind2="2">
            <subfield code="a">Oates, Joyce Carol</subfield>
            <subfield code="t">Further confessions</subfield>
            <subfield code="1">http://www.isfdb.org/cgi-bin/title.cgi?2818323</subfield>
        </datafield>
        <datafield tag="700" ind1=" " ind2="2">
            <subfield code="a">Lem, Stanislaw</subfield>
            <subfield code="t">The mask</subfield>
            <subfield code="1">http://www.isfdb.org/cgi-bin/title.cgi?847029</subfield>
        </datafield>
    </record>