
    <record>
        <leader>02735cam a2200469   4500</leader>
        <controlfield tag="001">1237466</controlfield>
        <controlfield tag="003">LC</controlfield>
        <controlfield tag="005">19980304115315.4</controlfield>
        <controlfield tag="008">710128s1971    ilu           000 1 eng  </controlfield>
        <datafield tag="010" ind1=" " ind2=" ">
            <subfield code="a">   70136574 </subfield>
        </datafield>
        <datafield tag="082" ind1="0" ind2="0">
            <subfield code="a">823/.0876</subfield>
        </datafield>
        <datafield tag="245" ind1="0" ind2="0">
            <subfield code="a">Transit of earth.</subfield>
        </datafield>
        <datafield tag="250" ind1=" " ind2=" ">
            <subfield code="a">[1st ed.</subfield>
        </datafield>
        <datafield tag="260" ind1=" " ind2=" ">
            <subfield code="a">Chicago,</subfield>
            <subfield code="b">Playboy Press,</subfield>
            <subfield code="c">c1971]</subfield>
        </datafield>
        <datafield tag="300" ind1=" " ind2=" ">
            <subfield code="a">188 pages</subfield>
            <subfield code="c">18 cm.</subfield>
        </datafield>
        <datafield tag="336" ind1=" " ind2=" ">
            <subfield code="a">text</subfield>
            <subfield code="2">rdacontent</subfield>
            <subfield code="0">http://rdaregistry.info/termList/RDAContentType/1020</subfield>
        </datafield>
        <datafield tag="337" ind1=" " ind2=" ">
            <subfield code="a">unmediated</subfield>
            <subfield code="2">rdamedia</subfield>
            <subfield code="0">http://rdaregistry.info/termList/RDAMediaType/1007</subfield>
        </datafield>
        <datafield tag="338" ind1=" " ind2=" ">
            <subfield code="a">volume</subfield>
            <subfield code="2">rdacarrier</subfield>
            <subfield code="0">http://rdaregistry.info/termList/RDACarrierType/1049</subfield>
        </datafield>
        <datafield tag="380" ind1=" " ind2=" ">
            <subfield code="a">Språkbasert verk</subfield>
            <subfield code="1">https://schema.nb.no/Bibliographic/Values/V1000</subfield>
        </datafield>
        <datafield tag="350" ind1=" " ind2=" ">
            <subfield code="a">$0.75</subfield>
        </datafield>
        <datafield tag="490" ind1="0" ind2=" ">
            <subfield code="a">Playboy science fiction</subfield>
        </datafield>
        <datafield tag="500" ind1=" " ind2=" ">
            <subfield code="a">Previously appeared in Playboy.</subfield>
        </datafield>
        <datafield tag="505" ind1="0" ind2=" ">
            <subfield code="a">Transit of earth, by A. C. Clarke.--Button, button, by R. Matheson.--The machineries of joy, by R. Bradbury.--The invasion, by A. Davidson.--Bernie the Faust, by W. Tenn.--Cephalotron, by T. M. Disch.--It didn't happen, by F. Brown.--The man in the Rorschach shirt, by R. Bradbury.--Waste not, want not, by J. Atherton.--Control Somnambule, by W. Sambrot.--Let there be light, by A. C. Clarke.--Speed trap, by F. Pohl.--Souvenir, by J. G. Ballard.</subfield>
        </datafield>
        <datafield tag="730" ind1=" " ind2=" ">
            <subfield code="a">Playboy (Chicago, Ill.)</subfield>
        </datafield>
        <datafield tag="700" ind1="0" ind2="2">
            <subfield code="a">Clarke, Arthur C.</subfield>
            <subfield code="t">Transit of earth</subfield>
            <subfield code="1">http://www.isfdb.org/cgi-bin/title.cgi?44117</subfield>
        </datafield>
        <datafield tag="700" ind1="0" ind2="2">
            <subfield code="a">Matheson, Richard</subfield>
            <subfield code="t">Button, button</subfield>
            <subfield code="1">http://www.isfdb.org/cgi-bin/title.cgi?72806</subfield>
        </datafield>
        <datafield tag="700" ind1="0" ind2="2">
            <subfield code="a">Bradbury, Ray</subfield>
            <subfield code="t">The machineries of joy</subfield>
            <subfield code="1">http://www.isfdb.org/cgi-bin/title.cgi?64861</subfield>
        </datafield>
        <datafield tag="700" ind1="0" ind2="2">
            <subfield code="a">Davidson, Avram</subfield>
            <subfield code="t">The invasion</subfield>
            <subfield code="1">http://www.isfdb.org/cgi-bin/title.cgi?98329</subfield>
        </datafield>
        <datafield tag="700" ind1="0" ind2="2">
            <subfield code="a">Tenn, William</subfield>
            <subfield code="t">Bernie the Faust</subfield>
            <subfield code="1">http://www.isfdb.org/cgi-bin/title.cgi?41615</subfield>
        </datafield>
        <datafield tag="700" ind1="0" ind2="2">
            <subfield code="a">Disch, Thomas M.</subfield>
            <subfield code="t">Cephalotron</subfield>
            <subfield code="1">http://www.isfdb.org/cgi-bin/title.cgi?77745</subfield>
        </datafield>
        <datafield tag="700" ind1="0" ind2="2">
            <subfield code="a">Brown, Fredric</subfield>
            <subfield code="t">It didn't happen</subfield>
            <subfield code="1">http://www.isfdb.org/cgi-bin/title.cgi?57246</subfield>
        </datafield>
        <datafield tag="700" ind1="0" ind2="2">
            <subfield code="a">Bradbury, Ray</subfield>
            <subfield code="t">The man in the Rorschach shirt</subfield>
            <subfield code="1">http://www.isfdb.org/cgi-bin/title.cgi?64881</subfield>
        </datafield>
        <datafield tag="700" ind1="0" ind2="2">
            <subfield code="a">Atherton, John</subfield>
            <subfield code="t">Waste not, want not</subfield>
            <subfield code="1">http://www.isfdb.org/cgi-bin/title.cgi?75744</subfield>
        </datafield>
        <datafield tag="700" ind1="0" ind2="2">
            <subfield code="a">Sambrot, William</subfield>
            <subfield code="t">Control Somnambule</subfield>
            <subfield code="1">http://www.isfdb.org/cgi-bin/title.cgi?98260</subfield>
        </datafield>
        <datafield tag="700" ind1="0" ind2="2">
            <subfield code="a">Clarke, Arthur C.</subfield>
            <subfield code="t">Let there be light</subfield>
            <subfield code="1">http://www.isfdb.org/cgi-bin/title.cgi?62810</subfield>
        </datafield>
        <datafield tag="700" ind1="0" ind2="2">
            <subfield code="a">Pohl, Frederik</subfield>
            <subfield code="t">Speed trap</subfield>
            <subfield code="1">http://www.isfdb.org/cgi-bin/title.cgi?57236</subfield>
        </datafield>
        <datafield tag="700" ind1="0" ind2="2">
            <subfield code="a">Ballard, J. G.</subfield>
            <subfield code="t">Souvenir</subfield>
            <subfield code="1">http://www.isfdb.org/cgi-bin/title.cgi?43949</subfield>
        </datafield>
    </record>