
    <record>
        <leader>02513cam a22004211  4500</leader>
        <controlfield tag="001">7522770</controlfield>
        <controlfield tag="003">LC</controlfield>
        <controlfield tag="005">20050806211910.0</controlfield>
        <controlfield tag="008">771017s1964    mdu           000 1 eng  </controlfield>
        <datafield tag="010" ind1=" " ind2=" ">
            <subfield code="a">   65004269 </subfield>
        </datafield>
        <datafield tag="100" ind1="1" ind2=" ">
            <subfield code="a">Boardman, Thomas Volney</subfield>
            <subfield code="d">1930-</subfield>
            <subfield code="e">ed.</subfield>
            <subfield code="4">edt</subfield>
            <subfield code="1">http://viaf.org/viaf/68432129</subfield>
            <subfield code="4">http://rdaregistry.info/Elements/m/object/P30267</subfield>
        </datafield>
        <datafield tag="245" ind1="1" ind2="0">
            <subfield code="a">Connoisseur's science fiction,</subfield>
            <subfield code="b">an anthology</subfield>
            <subfield code="c">edited by Tom Boardman.</subfield>
        </datafield>
        <datafield tag="260" ind1=" " ind2=" ">
            <subfield code="a">[Baltimore]</subfield>
            <subfield code="b">Penguin Books,</subfield>
            <subfield code="c">[1964]</subfield>
        </datafield>
        <datafield tag="300" ind1=" " ind2=" ">
            <subfield code="a">233 pages</subfield>
            <subfield code="c">18 cm.</subfield>
        </datafield>
        <datafield tag="336" ind1=" " ind2=" ">
            <subfield code="a">text</subfield>
            <subfield code="2">rdacontent</subfield>
            <subfield code="0">http://rdaregistry.info/termList/RDAContentType/1020</subfield>
        </datafield>
        <datafield tag="337" ind1=" " ind2=" ">
            <subfield code="a">unmediated</subfield>
            <subfield code="2">rdamedia</subfield>
            <subfield code="0">http://rdaregistry.info/termList/RDAMediaType/1007</subfield>
        </datafield>
        <datafield tag="338" ind1=" " ind2=" ">
            <subfield code="a">volume</subfield>
            <subfield code="2">rdacarrier</subfield>
            <subfield code="0">http://rdaregistry.info/termList/RDACarrierType/1049</subfield>
        </datafield>
        <datafield tag="380" ind1=" " ind2=" ">
            <subfield code="a">Språkbasert verk</subfield>
            <subfield code="1">https://schema.nb.no/Bibliographic/Values/V1000</subfield>
        </datafield>
        <datafield tag="490" ind1="0" ind2=" ">
            <subfield code="a">Penguin science fiction</subfield>
        </datafield>
        <datafield tag="500" ind1=" " ind2=" ">
            <subfield code="a">Cover title: Connoisseur's s.f.</subfield>
        </datafield>
        <datafield tag="505" ind1="0" ind2=" ">
            <subfield code="a">Disappearing act, by A.Bester.--The wizards of Pung's Corners, by F.Pohl.--Tomorrow and tomorrow and tomorrow, by K.Vonnegut.--Mr. Costello, hero, by T.Sturgeon.--Quit zoomin' those hands through the air, by J.Finney.--Build-up, by J.G.Ballard.--The fun they had, by I.Asimov.--Diabologic, by E.F.Russell.--Made in U.S.A., by J.T.McIntosh.--The waveries, by F.Brown.</subfield>
        </datafield>
        <datafield tag="700" ind1=" " ind2="2">
            <subfield code="a">Bester, Alfred</subfield>
            <subfield code="t">Disappearing act</subfield>
            <subfield code="1">http://www.isfdb.org/cgi-bin/title.cgi?40430</subfield>
        </datafield>
        <datafield tag="700" ind1=" " ind2="2">
            <subfield code="a">Pohl, Frederik</subfield>
            <subfield code="t">The wizards of Pung's Corners</subfield>
            <subfield code="1">http://www.isfdb.org/cgi-bin/title.cgi?56295</subfield>
        </datafield>
        <datafield tag="700" ind1=" " ind2="2">
            <subfield code="a">Vonnegut, Kurt</subfield>
            <subfield code="t">Tomorrow and tomorrow and tomorrow</subfield>
            <subfield code="1">http://www.isfdb.org/cgi-bin/title.cgi?45753</subfield>
        </datafield>
        <datafield tag="700" ind1=" " ind2="2">
            <subfield code="a">Sturgeon, Theodore</subfield>
            <subfield code="t">Mr. Costello, hero</subfield>
            <subfield code="1">http://www.isfdb.org/cgi-bin/title.cgi?45747</subfield>
        </datafield>
        <datafield tag="700" ind1=" " ind2="2">
            <subfield code="a">Finney, J.</subfield>
            <subfield code="t">Quit zoomin' those hands through the air</subfield>
            <subfield code="1">http://www.isfdb.org/cgi-bin/title.cgi?68345</subfield>
        </datafield>
        <datafield tag="700" ind1=" " ind2="2">
            <subfield code="a">Ballard, J. G.</subfield>
            <subfield code="d">1930-2009</subfield>
            <subfield code="t">Build-up</subfield>
            <subfield code="1">http://www.isfdb.org/cgi-bin/title.cgi?44451</subfield>
        </datafield>
        <datafield tag="700" ind1=" " ind2="2">
            <subfield code="a">Asimov, Isaac</subfield>
            <subfield code="t">The fun they had</subfield>
            <subfield code="1">http://www.isfdb.org/cgi-bin/title.cgi?58943</subfield>
        </datafield>
        <datafield tag="700" ind1=" " ind2="2">
            <subfield code="a">Russell, Eric Frank</subfield>
            <subfield code="t">Diabologic</subfield>
            <subfield code="1">http://www.isfdb.org/cgi-bin/title.cgi?55828</subfield>
        </datafield>
        <datafield tag="700" ind1=" " ind2="2">
            <subfield code="a">McIntosh, J.T.</subfield>
            <subfield code="t">Made in U.S.A.</subfield>
            <subfield code="1">http://www.isfdb.org/cgi-bin/title.cgi?57639</subfield>
        </datafield>
        <datafield tag="700" ind1=" " ind2="2">
            <subfield code="a">Brown, Fredric</subfield>
            <subfield code="t">The waveries</subfield>
            <subfield code="1">http://www.isfdb.org/cgi-bin/title.cgi?44692</subfield>
        </datafield>
    </record>