
    <record>
        <leader>01496cam a2200313 i 4500</leader>
        <controlfield tag="001">18074011</controlfield>
        <controlfield tag="003">LC</controlfield>
        <controlfield tag="005">20140507134405.0</controlfield>
        <controlfield tag="008">140131s2013    it       b    001 0 ita d</controlfield>
        <datafield tag="010" ind1=" " ind2=" ">
            <subfield code="a">  2013471130</subfield>
        </datafield>
        <datafield tag="020" ind1=" " ind2=" ">
            <subfield code="a">9788866331285 :</subfield>
            <subfield code="c">22.00 EUR</subfield>
        </datafield>
        <datafield tag="100" ind1="1" ind2=" ">
            <subfield code="a">Chiurato, Andrea</subfield>
            <subfield code="e">author.</subfield>
            <subfield code="4">aut</subfield>
            <subfield code="1">http://viaf.org/viaf/254932920</subfield>
        </datafield>
        <datafield tag="240" ind1="1" ind2="0">
            <subfield code="a">Là dove finisce la città : riflessioni sull'opera di J.G. Ballard</subfield>
            <subfield code="1">http://viaf.org/viaf/254932920/ladovefiniscelacitta</subfield>
        </datafield>
        <datafield tag="245" ind1="1" ind2="0">
            <subfield code="a">Là dove finisce la città :</subfield>
            <subfield code="b">riflessioni sull'opera di J.G. Ballard /</subfield>
            <subfield code="c">Andrea Chiurato ; prefazione di Stefano Calabrese.</subfield>
        </datafield>
        <datafield tag="264" ind1=" " ind2="1">
            <subfield code="a">Bologna :</subfield>
            <subfield code="b">Archetipolibri,</subfield>
            <subfield code="c">[2013]</subfield>
        </datafield>
        <datafield tag="300" ind1=" " ind2=" ">
            <subfield code="a">xxvi, 187 pages ;</subfield>
            <subfield code="c">22 cm.</subfield>
        </datafield>
        <datafield tag="336" ind1=" " ind2=" ">
            <subfield code="a">text</subfield>
            <subfield code="2">rdacontent</subfield>
            <subfield code="0">http://rdaregistry.info/termList/RDAContentType/1020</subfield>
        </datafield>
        <datafield tag="337" ind1=" " ind2=" ">
            <subfield code="a">unmediated</subfield>
            <subfield code="2">rdamedia</subfield>
            <subfield code="0">http://rdaregistry.info/termList/RDAMediaType/1007</subfield>
        </datafield>
        <datafield tag="338" ind1=" " ind2=" ">
            <subfield code="a">volume</subfield>
            <subfield code="2">rdacarrier</subfield>
            <subfield code="0">http://rdaregistry.info/termList/RDACarrierType/1049</subfield>
        </datafield>
        <datafield tag="490" ind1="0" ind2=" ">
            <subfield code="a">Coriandoli</subfield>
        </datafield>
        <datafield tag="504" ind1=" " ind2=" ">
            <subfield code="a">Includes bibliographical references (pages 179-183) and index.</subfield>
        </datafield>
        <datafield tag="600" ind1="1" ind2="0">
            <subfield code="a">Ballard, J. G.</subfield>
            <subfield code="d">1930-2009</subfield>
            <subfield code="x">Criticism and interpretation</subfield>
            <subfield code="1">http://viaf.org/viaf/9842556</subfield>
        </datafield>
        <datafield tag="700" ind1=" " ind2=" ">
            <subfield code="a">Calabrese, Stefano</subfield>
            <subfield code="4">aui</subfield>
            <subfield code="1">http://viaf.org/viaf/73961506</subfield>
        </datafield>
    </record>