
    <record>
        <leader>02645cam a2200469 a 4500</leader>
        <controlfield tag="001">15500288</controlfield>
        <controlfield tag="003">LC</controlfield>
        <controlfield tag="005">20090811143754.0</controlfield>
        <controlfield tag="008">081027s2009    enk      b    001 0 eng  </controlfield>
        <datafield tag="010" ind1=" " ind2=" ">
            <subfield code="a">  2008045134</subfield>
        </datafield>
        <datafield tag="020" ind1=" " ind2=" ">
            <subfield code="a">0230202950</subfield>
        </datafield>
        <datafield tag="020" ind1=" " ind2=" ">
            <subfield code="a">9780230202955</subfield>
        </datafield>
        <datafield tag="043" ind1=" " ind2=" ">
            <subfield code="a">e-uk---</subfield>
            <subfield code="a">n-us---</subfield>
        </datafield>
        <datafield tag="082" ind1="0" ind2="0">
            <subfield code="a">813.5409113</subfield>
        </datafield>
        <datafield tag="082" ind1="0" ind2="0">
            <subfield code="a">823/.91209358</subfield>
            <subfield code="2">22</subfield>
        </datafield>
        <datafield tag="100" ind1="1" ind2=" ">
            <subfield code="a">Crosthwaite, Paul</subfield>
            <subfield code="d">1980-</subfield>
            <subfield code="1">http://viaf.org/viaf/85978105</subfield>
            <subfield code="4">aut</subfield>
            <subfield code="4">http://rdaregistry.info/Elements/w/object/P10061</subfield>
        </datafield>
        <datafield tag="240" ind1="1" ind2="0">
            <subfield code="a">Trauma, postmodernism, and the aftermath of World War II</subfield>
            <subfield code="1">http://viaf.org/viaf/85978105/trauma</subfield>
        </datafield>
        <datafield tag="245" ind1="1" ind2="0">
            <subfield code="a">Trauma, postmodernism, and the aftermath of World War II /</subfield>
            <subfield code="c">Paul Crosthwaite.</subfield>
        </datafield>
        <datafield tag="260" ind1=" " ind2=" ">
            <subfield code="a">Basingstoke [England] ;</subfield>
            <subfield code="a">New York :</subfield>
            <subfield code="b">Palgrave Macmillan,</subfield>
            <subfield code="c">2009.</subfield>
        </datafield>
        <datafield tag="300" ind1=" " ind2=" ">
            <subfield code="a">vii, 222 pages ;</subfield>
            <subfield code="c">23 cm.</subfield>
        </datafield>
        <datafield tag="336" ind1=" " ind2=" ">
            <subfield code="a">text</subfield>
            <subfield code="2">rdacontent</subfield>
            <subfield code="0">http://rdaregistry.info/termList/RDAContentType/1020</subfield>
        </datafield>
        <datafield tag="337" ind1=" " ind2=" ">
            <subfield code="a">unmediated</subfield>
            <subfield code="2">rdamedia</subfield>
            <subfield code="0">http://rdaregistry.info/termList/RDAMediaType/1007</subfield>
        </datafield>
        <datafield tag="338" ind1=" " ind2=" ">
            <subfield code="a">volume</subfield>
            <subfield code="2">rdacarrier</subfield>
            <subfield code="0">http://rdaregistry.info/termList/RDACarrierType/1049</subfield>
        </datafield>
        <datafield tag="380" ind1=" " ind2=" ">
            <subfield code="a">Språkbasert verk</subfield>
            <subfield code="1">https://schema.nb.no/Bibliographic/Values/V1000</subfield>
        </datafield>
        <datafield tag="504" ind1=" " ind2=" ">
            <subfield code="a">Includes bibliographical references (p. 182-217) and index.</subfield>
        </datafield>
        <datafield tag="505" ind1="0" ind2=" ">
            <subfield code="a">War, trauma, postmodernism -- Gravity's rainbow and traumatic models of history -- "A secret code of pain and memory": traumatic repetition in the fiction of J.G. Ballard -- Total war and the English stream-of-consciousness novel: from Mrs Dalloway to Mother London -- Their fathers' war: negotiating the legacy of World War II in Prisoner's dilemma and Atonement.</subfield>
        </datafield>
    </record>