
    <record>
        <leader>01258cam a2200277 i 4500</leader>
        <controlfield tag="001">2220928</controlfield>
        <controlfield tag="003">LC</controlfield>
        <controlfield tag="005">20060712102314.0</controlfield>
        <controlfield tag="008">750618s1974    nyuaf         000 0 eng  </controlfield>
        <datafield tag="010" ind1=" " ind2=" ">
            <subfield code="a">   75315871 </subfield>
        </datafield>
        <datafield tag="020" ind1=" " ind2=" ">
            <subfield code="a">034523782X :</subfield>
            <subfield code="c">$4.95</subfield>
        </datafield>
        <datafield tag="082" ind1="0" ind2="0">
            <subfield code="a">759.6</subfield>
        </datafield>
        <datafield tag="100" ind1="1" ind2=" ">
            <subfield code="a">Dalí, Salvador</subfield>
            <subfield code="d">1904-1989.</subfield>
            <subfield code="1">http://viaf.org/viaf/64004109</subfield>
            <subfield code="4">art</subfield>
        </datafield>
        <datafield tag="245" ind1="0" ind2="0">
            <subfield code="a">Dali /</subfield>
            <subfield code="c">with an introd. by J. G. Ballard ; edited by David Larkin.</subfield>
        </datafield>
        <datafield tag="260" ind1=" " ind2=" ">
            <subfield code="a">New York :</subfield>
            <subfield code="b">Ballantine Books,</subfield>
            <subfield code="c">1974.</subfield>
        </datafield>
        <datafield tag="300" ind1=" " ind2=" ">
            <subfield code="a">[14] pages, [40] leaves of plates :</subfield>
            <subfield code="b">chiefly color illustrations ;</subfield>
            <subfield code="c">30 cm.</subfield>
        </datafield>
        <datafield tag="336" ind1=" " ind2=" ">
            <subfield code="a">text</subfield>
            <subfield code="2">rdacontent</subfield>
            <subfield code="0">http://rdaregistry.info/termList/RDAContentType/1020</subfield>
        </datafield>
        <datafield tag="337" ind1=" " ind2=" ">
            <subfield code="a">unmediated</subfield>
            <subfield code="2">rdamedia</subfield>
            <subfield code="0">http://rdaregistry.info/termList/RDAMediaType/1007</subfield>
        </datafield>
        <datafield tag="338" ind1=" " ind2=" ">
            <subfield code="a">volume</subfield>
            <subfield code="2">rdacarrier</subfield>
            <subfield code="0">http://rdaregistry.info/termList/RDACarrierType/1049</subfield>
        </datafield>
        <datafield tag="380" ind1=" " ind2=" ">
            <subfield code="a">Språkbasert verk</subfield>
            <subfield code="1">https://schema.nb.no/Bibliographic/Values/V1000</subfield>
        </datafield>
        <datafield tag="600" ind1="1" ind2="0">
            <subfield code="a">Dalí, Salvador</subfield>
            <subfield code="d">1904-1989</subfield>
            <subfield code="1">http://viaf.org/viaf/64004109</subfield>
        </datafield>
        <datafield tag="700" ind1="1" ind2=" ">
            <subfield code="a">Larkin, David</subfield>
            <subfield code="d">1936-</subfield>
            <subfield code="4">edt</subfield>
            <subfield code="1">http://viaf.org/viaf/277669549</subfield>
            <subfield code="4">http://rdaregistry.info/Elements/m/object/P30267</subfield>
        </datafield>
        <datafield tag="700" ind1=" " ind2=" ">
            <subfield code="a">Ballard, J. G.</subfield>
            <subfield code="d">1930-2009</subfield>
            <subfield code="4">aui</subfield>
            <subfield code="1">http://viaf.org/viaf/9842556</subfield>
            <subfield code="4">aui</subfield>
        </datafield>
    </record>