
    <record>
        <leader>01723cam a22002771  4500</leader>
        <controlfield tag="001">1717817</controlfield>
        <controlfield tag="003">LC</controlfield>
        <controlfield tag="005">19900216135951.4</controlfield>
        <controlfield tag="008">770214s1971    nyu           000 1 eng  </controlfield>
        <datafield tag="010" ind1=" " ind2=" ">
            <subfield code="a">   72163409 </subfield>
        </datafield>
        <datafield tag="082" ind1="0" ind2="0">
            <subfield code="a">813/.0876</subfield>
        </datafield>
        <datafield tag="100" ind1="1" ind2=" ">
            <subfield code="a">Disch, Thomas M.</subfield>
            <subfield code="e">comp.</subfield>
            <subfield code="4">edt</subfield>
            <subfield code="1">http://viaf.org/viaf/51688624</subfield>
            <subfield code="4">http://rdaregistry.info/Elements/m/object/P30267</subfield>
        </datafield>
        <datafield tag="245" ind1="1" ind2="4">
            <subfield code="a">The ruins of earth;</subfield>
            <subfield code="b">an anthology of stories of the immediate future.</subfield>
            <subfield code="c">Edited by Thomas M. Disch.</subfield>
        </datafield>
        <datafield tag="260" ind1=" " ind2=" ">
            <subfield code="a">New York,</subfield>
            <subfield code="b">Putnam</subfield>
            <subfield code="c">[1971]</subfield>
        </datafield>
        <datafield tag="300" ind1=" " ind2=" ">
            <subfield code="a">318 pages</subfield>
            <subfield code="c">23 cm.</subfield>
        </datafield>
        <datafield tag="336" ind1=" " ind2=" ">
            <subfield code="a">text</subfield>
            <subfield code="2">rdacontent</subfield>
            <subfield code="0">http://rdaregistry.info/termList/RDAContentType/1020</subfield>
        </datafield>
        <datafield tag="337" ind1=" " ind2=" ">
            <subfield code="a">unmediated</subfield>
            <subfield code="2">rdamedia</subfield>
            <subfield code="0">http://rdaregistry.info/termList/RDAMediaType/1007</subfield>
        </datafield>
        <datafield tag="338" ind1=" " ind2=" ">
            <subfield code="a">volume</subfield>
            <subfield code="2">rdacarrier</subfield>
            <subfield code="0">http://rdaregistry.info/termList/RDACarrierType/1049</subfield>
        </datafield>
        <datafield tag="380" ind1=" " ind2=" ">
            <subfield code="a">Språkbasert verk</subfield>
            <subfield code="1">https://schema.nb.no/Bibliographic/Values/V1000</subfield>
        </datafield>
        <datafield tag="350" ind1=" " ind2=" ">
            <subfield code="a">$6.95</subfield>
        </datafield>
        <datafield tag="505" ind1="0" ind2=" ">
            <subfield code="a">Introduction: On saving the world, by T. M. Disch.--Deer in the works, by K. Vonnegut, Jr.--Three million square miles, by G. Wolfe.--Closing with nature, by N. Rush.--The plot to save the world, by M. Brownstein.--Autofac, by P. K. Dick.--Roommates, by H. Harrison.--Groaning hinges of the world, by R. A. Lafferty.--Gas mask, by J. D. Houston.--Wednesday, November 15, 1967, by G. A. Effinger.--The cage of sand, by J. G. Ballard.--Accident vertigo, by K. Elmslie.--The birds, by D. du Maurier.--Do it for mama! By J. J. Mundis.--The dreadful has already happened, by N. Kagan. --The Shaker revival, by G. Jonas.--America the beautiful, by F. Leiber.</subfield>
        </datafield>
        <datafield tag="850" ind1=" " ind2=" ">
            <subfield code="a">WaTPC</subfield>
            <subfield code="a">WaO</subfield>
        </datafield>
    </record>