
    <record>
        <leader>03643cam a2200541   4500</leader>
        <controlfield tag="001">4127653</controlfield>
        <controlfield tag="003">LC</controlfield>
        <controlfield tag="005">19960402155628.0</controlfield>
        <controlfield tag="008">710816t19711970nyu           000 1 eng  </controlfield>
        <datafield tag="010" ind1=" " ind2=" ">
            <subfield code="a">   76145543 </subfield>
        </datafield>
        <datafield tag="020" ind1=" " ind2=" ">
            <subfield code="a">0800839218</subfield>
        </datafield>
        <datafield tag="082" ind1="0" ind2="0">
            <subfield code="a">823/.0872</subfield>
        </datafield>
        <datafield tag="100" ind1="1" ind2=" ">
            <subfield code="a">Haining, Peter</subfield>
            <subfield code="e">comp.</subfield>
            <subfield code="4">edc</subfield>
            <subfield code="4">edt</subfield>
            <subfield code="1">http://viaf.org/viaf/56712957</subfield>
            <subfield code="4">http://rdaregistry.info/Elements/m/object/P30267</subfield>
        </datafield>
        <datafield tag="245" ind1="1" ind2="4">
            <subfield code="a">The Hollywood nightmare;</subfield>
            <subfield code="b">tales of fantasy and horror from the film world.</subfield>
            <subfield code="c">Introduced by Christopher Lee.</subfield>
        </datafield>
        <datafield tag="260" ind1=" " ind2=" ">
            <subfield code="a">New York,</subfield>
            <subfield code="b">Taplinger Pub. Company</subfield>
            <subfield code="c">[1971, c1970]</subfield>
        </datafield>
        <datafield tag="300" ind1=" " ind2=" ">
            <subfield code="a">276 pages</subfield>
            <subfield code="c">21 cm.</subfield>
        </datafield>
        <datafield tag="336" ind1=" " ind2=" ">
            <subfield code="a">text</subfield>
            <subfield code="2">rdacontent</subfield>
            <subfield code="0">http://rdaregistry.info/termList/RDAContentType/1020</subfield>
        </datafield>
        <datafield tag="337" ind1=" " ind2=" ">
            <subfield code="a">unmediated</subfield>
            <subfield code="2">rdamedia</subfield>
            <subfield code="0">http://rdaregistry.info/termList/RDAMediaType/1007</subfield>
        </datafield>
        <datafield tag="338" ind1=" " ind2=" ">
            <subfield code="a">volume</subfield>
            <subfield code="2">rdacarrier</subfield>
            <subfield code="0">http://rdaregistry.info/termList/RDACarrierType/1049</subfield>
        </datafield>
        <datafield tag="380" ind1=" " ind2=" ">
            <subfield code="a">Språkbasert verk</subfield>
            <subfield code="1">https://schema.nb.no/Bibliographic/Values/V1000</subfield>
        </datafield>
        <datafield tag="350" ind1=" " ind2=" ">
            <subfield code="a">$5.95</subfield>
        </datafield>
        <datafield tag="505" ind1="0" ind2=" ">
            <subfield code="a">The prehistoric producer, by R. Bradbury.--The plot is the thing, by R. Bloch.--The shadow on the screen, by H. Kuttner.--Return to the Sabbath, by T. Fiske.--A wig for Miss DeVore, by A. Derleth.--The man who wanted to be in the movies, by J. Jakes.--The perfect plot, by F. Fenton.--Death double, by W. F. Nolan.--Booked solid, by R. Russell.--The Hollywood horror man, by B. Karloff.--The casket-demon, by F. Leiber.--The new people, by C. Beaumont.--Gavin O'Leary, by J. Collier.--Faed-out, by A. Davidson.--Mantage, by R. Matheson.--Technical adviser, by C. Oliver.--The screen game, by J. G. Ballard.--Death warmed over, by R. Bradbury.</subfield>
        </datafield>
        <datafield tag="700" ind1=" " ind2="2">
            <subfield code="a">Bradbury, Ray</subfield>
            <subfield code="t">The prehistoric producer</subfield>
            <subfield code="1">http://www.isfdb.org/cgi-bin/title.cgi?64859</subfield>
        </datafield>
        <datafield tag="700" ind1=" " ind2="2">
            <subfield code="a">Bloch, Robert</subfield>
            <subfield code="t">The plot is the thing</subfield>
            <subfield code="1">http://www.isfdb.org/cgi-bin/title.cgi?53922</subfield>
        </datafield>
        <datafield tag="700" ind1=" " ind2="2">
            <subfield code="a">Kuttner, H.</subfield>
            <subfield code="t">The shadow on the screen</subfield>
            <subfield code="1">http://www.isfdb.org/cgi-bin/title.cgi?87136</subfield>
        </datafield>
        <datafield tag="700" ind1=" " ind2="2">
            <subfield code="a">Fiske, T.</subfield>
            <subfield code="t">Return to the Sabbath</subfield>
            <subfield code="1">http://www.isfdb.org/cgi-bin/title.cgi?190483</subfield>
        </datafield>
        <datafield tag="700" ind1=" " ind2="2">
            <subfield code="a">Derleth, A.</subfield>
            <subfield code="t">A wig for Miss DeVore</subfield>
            <subfield code="1">http://www.isfdb.org/cgi-bin/title.cgi?87763</subfield>
        </datafield>
        <datafield tag="700" ind1=" " ind2="2">
            <subfield code="a">Jakes, J.</subfield>
            <subfield code="t">The man who wanted to be in the movies</subfield>
            <subfield code="1">http://www.isfdb.org/cgi-bin/title.cgi?192504</subfield>
        </datafield>
        <datafield tag="700" ind1=" " ind2="2">
            <subfield code="a">Fenton, F.</subfield>
            <subfield code="t">The perfect plot</subfield>
            <subfield code="1">http://www.isfdb.org/cgi-bin/title.cgi?94826</subfield>
        </datafield>
        <datafield tag="700" ind1=" " ind2="2">
            <subfield code="a">Nolan, W. F.</subfield>
            <subfield code="t">Death double</subfield>
            <subfield code="1">http://www.isfdb.org/cgi-bin/title.cgi?63369</subfield>
        </datafield>
        <datafield tag="700" ind1=" " ind2="2">
            <subfield code="a">Russell, R.</subfield>
            <subfield code="t">Booked solid</subfield>
            <subfield code="1">http://www.isfdb.org/cgi-bin/title.cgi?94825</subfield>
        </datafield>
        <datafield tag="700" ind1=" " ind2="2">
            <subfield code="a">Karloff, B.</subfield>
            <subfield code="t">The Hollywood horror man</subfield>
            <subfield code="1">http://www.isfdb.org/cgi-bin/title.cgi?132857</subfield>
        </datafield>
        <datafield tag="700" ind1=" " ind2="2">
            <subfield code="a">Leiber, F.</subfield>
            <subfield code="t">The casket-demon</subfield>
            <subfield code="1">http://www.isfdb.org/cgi-bin/title.cgi?57270</subfield>
        </datafield>
        <datafield tag="700" ind1=" " ind2="2">
            <subfield code="a">Beaumont, C.</subfield>
            <subfield code="t">The new people</subfield>
            <subfield code="1">http://www.isfdb.org/cgi-bin/title.cgi?62189</subfield>
        </datafield>
        <datafield tag="700" ind1=" " ind2="2">
            <subfield code="a">Collier, J.</subfield>
            <subfield code="t">Gavin O'Leary</subfield>
            <subfield code="1">http://www.isfdb.org/cgi-bin/title.cgi?94824</subfield>
        </datafield>
        <datafield tag="700" ind1=" " ind2="2">
            <subfield code="a">Davidson, A.</subfield>
            <subfield code="t">Faed-out</subfield>
            <subfield code="1">http://www.isfdb.org/cgi-bin/title.cgi?62822</subfield>
        </datafield>
        <datafield tag="700" ind1=" " ind2="2">
            <subfield code="a">Matheson, R.</subfield>
            <subfield code="t">Mantage</subfield>
            <subfield code="1">http://www.isfdb.org/cgi-bin/title.cgi?72803</subfield>
        </datafield>
        <datafield tag="700" ind1=" " ind2="2">
            <subfield code="a">Oliver, C.</subfield>
            <subfield code="t">Technical adviser</subfield>
            <subfield code="1">http://www.isfdb.org/cgi-bin/title.cgi?56977</subfield>
        </datafield>
        <datafield tag="700" ind1=" " ind2="2">
            <subfield code="a">Ballard, J. G.</subfield>
            <subfield code="d">1930-2009</subfield>
            <subfield code="t">The screen game</subfield>
            <subfield code="1">http://www.isfdb.org/cgi-bin/title.cgi?57622</subfield>
        </datafield>
        <datafield tag="700" ind1=" " ind2="2">
            <subfield code="a">Bradbury, Ray</subfield>
            <subfield code="t">Death warmed over</subfield>
            <subfield code="1">http://www.isfdb.org/cgi-bin/title.cgi?132856</subfield>
        </datafield>
        <datafield tag="700" ind1=" " ind2=" ">
            <subfield code="a">Lee, Christopher</subfield>
            <subfield code="4">aui</subfield>
        </datafield>
    </record>