
    <record>
        <leader>03122nam a2200469   4500</leader>
        <controlfield tag="001">1274031</controlfield>
        <controlfield tag="003">LC</controlfield>
        <controlfield tag="005">19700729000000.0</controlfield>
        <controlfield tag="008">700709s1970    nyu           000 1 eng  </controlfield>
        <datafield tag="010" ind1=" " ind2=" ">
            <subfield code="a">   75096004 </subfield>
        </datafield>
        <datafield tag="082" ind1="0" ind2="0">
            <subfield code="a">813/.08/76</subfield>
        </datafield>
        <datafield tag="100" ind1="1" ind2=" ">
            <subfield code="a">Silverberg, Robert</subfield>
            <subfield code="e">comp.</subfield>
            <subfield code="4">edc</subfield>
            <subfield code="4">edt</subfield>
            <subfield code="1">http://viaf.org/viaf/109386240</subfield>
            <subfield code="4">http://rdaregistry.info/Elements/m/object/P30267</subfield>
        </datafield>
        <datafield tag="245" ind1="1" ind2="4">
            <subfield code="a">The mirror of infinity;</subfield>
            <subfield code="b">a critics' anthology of science fiction.</subfield>
        </datafield>
        <datafield tag="250" ind1=" " ind2=" ">
            <subfield code="a">[1st ed.]</subfield>
        </datafield>
        <datafield tag="260" ind1=" " ind2=" ">
            <subfield code="a">New York,</subfield>
            <subfield code="b">Harper and Row</subfield>
            <subfield code="c">[1970]</subfield>
        </datafield>
        <datafield tag="300" ind1=" " ind2=" ">
            <subfield code="a">xi, 324 pages</subfield>
            <subfield code="c">22 cm.</subfield>
        </datafield>
        <datafield tag="336" ind1=" " ind2=" ">
            <subfield code="a">text</subfield>
            <subfield code="2">rdacontent</subfield>
            <subfield code="0">http://rdaregistry.info/termList/RDAContentType/1020</subfield>
        </datafield>
        <datafield tag="337" ind1=" " ind2=" ">
            <subfield code="a">unmediated</subfield>
            <subfield code="2">rdamedia</subfield>
            <subfield code="0">http://rdaregistry.info/termList/RDAMediaType/1007</subfield>
        </datafield>
        <datafield tag="338" ind1=" " ind2=" ">
            <subfield code="a">volume</subfield>
            <subfield code="2">rdacarrier</subfield>
            <subfield code="0">http://rdaregistry.info/termList/RDACarrierType/1049</subfield>
        </datafield>
        <datafield tag="380" ind1=" " ind2=" ">
            <subfield code="a">Språkbasert verk</subfield>
            <subfield code="1">https://schema.nb.no/Bibliographic/Values/V1000</subfield>
        </datafield>
        <datafield tag="350" ind1=" " ind2=" ">
            <subfield code="a">6.95</subfield>
        </datafield>
        <datafield tag="505" ind1="0" ind2=" ">
            <subfield code="a">Introduction, by R. Silverberg.--The star, by H. G. Wells.--Twilight, by J. W. Campbell.--Nightfall, by I. Asimov.--Private eye, by L. Padgett.--The sentinel, by A. C. Clarke.--Specialist, by R. Sheckley.--Common time, by J. Blish.--The game of rat and dragon, by C. Smith.--All you zombies, by R. A. Heinlein.--The subliminal man, by J. G. Ballard.--I have no mouth, and I must scream, by H. Ellison.--The heat death of the universe, by P. A. Zoline.--The library of Babel, by J. L. Borges.--A bibliography: the critical literature of science fiction (p. 323)</subfield>
        </datafield>
        <datafield tag="700" ind1="0" ind2=" ">
            <subfield code="a">Silverberg, Robert</subfield>
            <subfield code="4">aui</subfield>
            <subfield code="1">http://viaf.org/viaf/109386240</subfield>
        </datafield>
        <datafield tag="700" ind1="0" ind2="2">
            <subfield code="a">Wells, H. G.</subfield>
            <subfield code="t">The star</subfield>
            <subfield code="1">http://www.isfdb.org/cgi-bin/title.cgi?54841</subfield>
        </datafield>
        <datafield tag="700" ind1="0" ind2="2">
            <subfield code="a">Campbell, J. W. </subfield>
            <subfield code="t">Twilight</subfield>
            <subfield code="1">http://www.isfdb.org/cgi-bin/title.cgi?47137</subfield>
        </datafield>
        <datafield tag="700" ind1="0" ind2="2">
            <subfield code="a">Asimov, Isaac</subfield>
            <subfield code="t">Nightfall</subfield>
            <subfield code="1">http://www.isfdb.org/cgi-bin/title.cgi?46434</subfield>
        </datafield>
        <datafield tag="700" ind1="0" ind2="2">
            <subfield code="a">Padgett, L.</subfield>
            <subfield code="t">Private eye</subfield>
            <subfield code="1">http://www.isfdb.org/cgi-bin/title.cgi?190341</subfield>
        </datafield>
        <datafield tag="700" ind1="0" ind2="2">
            <subfield code="a">Clarke, Arthur C.</subfield>
            <subfield code="t">The sentinel</subfield>
            <subfield code="1">http://www.isfdb.org/cgi-bin/title.cgi?25639</subfield>
        </datafield>
        <datafield tag="700" ind1="0" ind2="2">
            <subfield code="a">Sheckley, R.</subfield>
            <subfield code="t">Specialist</subfield>
            <subfield code="1">http://www.isfdb.org/cgi-bin/title.cgi?45711</subfield>
        </datafield>
        <datafield tag="700" ind1="0" ind2="2">
            <subfield code="a">Blish, James</subfield>
            <subfield code="t">Common time</subfield>
            <subfield code="1">http://www.isfdb.org/cgi-bin/title.cgi?41537</subfield>
        </datafield>
        <datafield tag="700" ind1="0" ind2="2">
            <subfield code="a">Smith, Cordwainer</subfield>
            <subfield code="t">The game of rat and dragon</subfield>
            <subfield code="1">http://www.isfdb.org/cgi-bin/title.cgi?41379</subfield>
        </datafield>
        <datafield tag="700" ind1="0" ind2="2">
            <subfield code="a">Heinlein, Robert A.</subfield>
            <subfield code="t">All you zombies</subfield>
            <subfield code="1">http://www.isfdb.org/cgi-bin/title.cgi?58494</subfield>
        </datafield>
        <datafield tag="700" ind1="0" ind2="2">
            <subfield code="a">Ballard, J. G.</subfield>
            <subfield code="d">1930-2009</subfield>
            <subfield code="t">The subliminal man</subfield>
            <subfield code="1">http://www.isfdb.org/cgi-bin/title.cgi?44459</subfield>
        </datafield>
        <datafield tag="700" ind1="0" ind2="2">
            <subfield code="a">Ellison, Harlan</subfield>
            <subfield code="t">I have no mouth, and I must scream</subfield>
            <subfield code="1">http://www.isfdb.org/cgi-bin/title.cgi?41300</subfield>
        </datafield>
        <datafield tag="700" ind1="0" ind2="2">
            <subfield code="a">Zoline, P. A.</subfield>
            <subfield code="t">The heat death of the universe</subfield>
            <subfield code="1">http://www.isfdb.org/cgi-bin/title.cgi?58129</subfield>
        </datafield>
        <datafield tag="700" ind1="0" ind2="2">
            <subfield code="a">Borges, Jorge Luis</subfield>
            <subfield code="t">The library of Babel</subfield>
            <subfield code="1">http://www.isfdb.org/cgi-bin/title.cgi?57826</subfield>
        </datafield>
        <datafield tag="700" ind1="0" ind2="2">
            <subfield code="a">Silverberg, Robert</subfield>
            <subfield code="t">The Critical Literature of Science Fiction</subfield>
            <subfield code="1">http://www.isfdb.org/cgi-bin/title.cgi?123030</subfield>
        </datafield>
    </record>