
    <record>
        <leader>03622cam a2200517   4500</leader>
        <controlfield tag="001">375868</controlfield>
        <controlfield tag="003">LC</controlfield>
        <controlfield tag="005">20191015154634.0</controlfield>
        <controlfield tag="008">710511s1971    nyu           000 1 eng  </controlfield>
        <datafield tag="010" ind1=" " ind2=" ">
            <subfield code="a">   78023628 </subfield>
        </datafield>
        <datafield tag="020" ind1=" " ind2=" ">
            <subfield code="a">0671478451</subfield>
        </datafield>
        <datafield tag="082" ind1="0" ind2="0">
            <subfield code="a">813/.01</subfield>
        </datafield>
        <datafield tag="100" ind1="1" ind2=" ">
            <subfield code="a">Stadler, John</subfield>
            <subfield code="d">active 1971</subfield>
            <subfield code="e">comp.</subfield>
            <subfield code="4">edt</subfield>
            <subfield code="4">edc</subfield>
            <subfield code="1">http://viaf.org/viaf/92645048</subfield>
            <subfield code="4">http://rdaregistry.info/Elements/m/object/P30267</subfield>
        </datafield>
        <datafield tag="245" ind1="1" ind2="0">
            <subfield code="a">Eco-fiction.</subfield>
        </datafield>
        <datafield tag="260" ind1=" " ind2=" ">
            <subfield code="a">New York,</subfield>
            <subfield code="b">Washington Square Press</subfield>
            <subfield code="c">[1971]</subfield>
        </datafield>
        <datafield tag="300" ind1=" " ind2=" ">
            <subfield code="a">x, 211 pages</subfield>
            <subfield code="c">18 cm.</subfield>
        </datafield>
        <datafield tag="336" ind1=" " ind2=" ">
            <subfield code="a">text</subfield>
            <subfield code="2">rdacontent</subfield>
            <subfield code="0">http://rdaregistry.info/termList/RDAContentType/1020</subfield>
        </datafield>
        <datafield tag="337" ind1=" " ind2=" ">
            <subfield code="a">unmediated</subfield>
            <subfield code="2">rdamedia</subfield>
            <subfield code="0">http://rdaregistry.info/termList/RDAMediaType/1007</subfield>
        </datafield>
        <datafield tag="338" ind1=" " ind2=" ">
            <subfield code="a">volume</subfield>
            <subfield code="2">rdacarrier</subfield>
            <subfield code="0">http://rdaregistry.info/termList/RDACarrierType/1049</subfield>
        </datafield>
        <datafield tag="350" ind1=" " ind2=" ">
            <subfield code="a">$0.95</subfield>
        </datafield>
        <datafield tag="380" ind1=" " ind2=" ">
            <subfield code="a">Fiction</subfield>
        </datafield>
        <datafield tag="505" ind1="0" ind2=" ">
            <subfield code="a">A sound of thunder, by R. Bradbury.--The turtle, by J. Steinbeck.--The conversation of Eiros and Charmion, by E. A. Poe.--The fair young willowy tree, by A. E. Coppard.--A mother's tale, by J. Agee.--The law, by R. M. Coates.--The birds, by D. du Maurier.--A stay at the ocean, by R. Wilson, Jr.--The supremacy of Uruguay, by E. B. White.--Look how the fish live, by J. F. Powers.--Tomorrow and tomorrow and tomorrow, by K. Vonnegut, Jr.--The white heron, by S. O. Jewett.--The Mary Celeste move, by F. Herbert.--The toys of peace, by Saki (H. H. Munro)--The subliminal man, by J. G. Ballard.--The Cohen dog exclusion act, by S. Schrader.--It's such a beautiful day, by I. Asimov.--The hummingbird that lived through winter, by W. Saroyan.</subfield>
        </datafield>
        <datafield tag="700" ind1="0" ind2="2">
            <subfield code="a">Bradbury, Ray</subfield>
            <subfield code="t">A sound of thunder</subfield>
            <subfield code="1">http://www.isfdb.org/cgi-bin/title.cgi?61488</subfield>
        </datafield>
        <datafield tag="700" ind1="0" ind2="2">
            <subfield code="a">Steinbeck, John</subfield>
            <subfield code="t">The turtle</subfield>
            <subfield code="1">http://www.isfdb.org/cgi-bin/title.cgi?1053558</subfield>
        </datafield>
        <datafield tag="700" ind1="0" ind2="2">
            <subfield code="a">Poe, Edgar Allan</subfield>
            <subfield code="t">The conversation of Eiros and Charmion</subfield>
            <subfield code="1">http://www.isfdb.org/cgi-bin/title.cgi?95533</subfield>
        </datafield>
        <datafield tag="700" ind1="0" ind2="2">
            <subfield code="a">Coppard, A. E.</subfield>
            <subfield code="t">The fair young willowy tree</subfield>
            <subfield code="1">http://www.isfdb.org/cgi-bin/title.cgi?98574</subfield>
        </datafield>
        <datafield tag="700" ind1="0" ind2="2">
            <subfield code="a">Agee, James J.</subfield>
            <subfield code="t">A mother's tale</subfield>
            <subfield code="1">http://www.isfdb.org/cgi-bin/title.cgi?98573</subfield>
        </datafield>
        <datafield tag="700" ind1="0" ind2="2">
            <subfield code="a">Coates, Robert M.</subfield>
            <subfield code="t">The law</subfield>
            <subfield code="1">http://www.isfdb.org/cgi-bin/title.cgi?97310</subfield>
        </datafield>
        <datafield tag="700" ind1="0" ind2="2">
            <subfield code="a">Maurier, Daphne. du</subfield>
            <subfield code="t">The birds</subfield>
            <subfield code="1">http://www.isfdb.org/cgi-bin/title.cgi?80267</subfield>
        </datafield>
        <datafield tag="700" ind1="0" ind2="2">
            <subfield code="a">Wilson Jr, Robert</subfield>
            <subfield code="t">A stay at the ocean</subfield>
            <subfield code="1">http://www.isfdb.org/cgi-bin/title.cgi?98572</subfield>
        </datafield>
        <datafield tag="700" ind1="0" ind2="2">
            <subfield code="a">White, E. B.</subfield>
            <subfield code="t">The supremacy of Uruguay</subfield>
            <subfield code="1">http://www.isfdb.org/cgi-bin/title.cgi?79771</subfield>
        </datafield>
        <datafield tag="700" ind1="0" ind2="2">
            <subfield code="a">Powers, J. F.</subfield>
            <subfield code="t">Look how the fish live</subfield>
            <subfield code="1">http://www.isfdb.org/cgi-bin/title.cgi?98571</subfield>
        </datafield>
        <datafield tag="700" ind1="0" ind2="2">
            <subfield code="a">Vonnegut, Kurt</subfield>
            <subfield code="t">Tomorrow and tomorrow and tomorrow</subfield>
            <subfield code="1">http://www.isfdb.org/cgi-bin/title.cgi?45754</subfield>
        </datafield>
        <datafield tag="700" ind1="0" ind2="2">
            <subfield code="a">Jewett, Sarah Orne</subfield>
            <subfield code="t">The white heron</subfield>
            <subfield code="1">http://www.isfdb.org/cgi-bin/title.cgi?98570</subfield>
        </datafield>
        <datafield tag="700" ind1="0" ind2="2">
            <subfield code="a">Herbert, Frank</subfield>
            <subfield code="t">The Mary Celeste move</subfield>
            <subfield code="1">http://www.isfdb.org/cgi-bin/title.cgi?55381</subfield>
        </datafield>
        <datafield tag="700" ind1="0" ind2="2">
            <subfield code="a">Saki (Munro, H. H.)</subfield>
            <subfield code="t">The toys of peace</subfield>
            <subfield code="1">http://www.isfdb.org/cgi-bin/title.cgi?98569</subfield>
        </datafield>
        <datafield tag="700" ind1="0" ind2="2">
            <subfield code="a">Ballard, J. G.</subfield>
            <subfield code="d">1930-2009</subfield>
            <subfield code="t">The subliminal man</subfield>
            <subfield code="1">http://www.isfdb.org/cgi-bin/title.cgi?44459</subfield>
        </datafield>
        <datafield tag="700" ind1="0" ind2="2">
            <subfield code="a">Schrader, Steven</subfield>
            <subfield code="t">The Cohen dog exclusion act</subfield>
            <subfield code="1">http://www.isfdb.org/cgi-bin/title.cgi?97598</subfield>
        </datafield>
        <datafield tag="700" ind1="0" ind2="2">
            <subfield code="a">Asimov, Isaac</subfield>
            <subfield code="t">It's such a beautiful day</subfield>
            <subfield code="1">http://www.isfdb.org/cgi-bin/title.cgi?62723</subfield>
        </datafield>
        <datafield tag="700" ind1="0" ind2="2">
            <subfield code="a">Saroyan, William</subfield>
            <subfield code="t">The hummingbird that lived through winter</subfield>
            <subfield code="1">http://www.isfdb.org/cgi-bin/title.cgi?98568</subfield>
        </datafield>
    </record>