
    <record>
        <leader>02520cam a2200421 i 4500</leader>
        <controlfield tag="001">17892906</controlfield>
        <controlfield tag="003">LC</controlfield>
        <controlfield tag="005">20160727093150.0</controlfield>
        <controlfield tag="008">130920r20132013enk      b    001 0 eng  </controlfield>
        <datafield tag="010" ind1=" " ind2=" ">
            <subfield code="a">  2013038131</subfield>
        </datafield>
        <datafield tag="020" ind1=" " ind2=" ">
            <subfield code="a">9781137354969 (hbk. : alk. paper)</subfield>
        </datafield>
        <datafield tag="020" ind1=" " ind2=" ">
            <subfield code="a">9781349999927</subfield>
        </datafield>
        <datafield tag="020" ind1=" " ind2=" ">
            <subfield code="z">9781137354976 (eBook)</subfield>
        </datafield>
        <datafield tag="043" ind1=" " ind2=" ">
            <subfield code="a">e-uk---</subfield>
        </datafield>
        <datafield tag="082" ind1="0" ind2="0">
            <subfield code="a">398.20941/0904</subfield>
            <subfield code="2">23</subfield>
        </datafield>
        <datafield tag="100" ind1="1" ind2=" ">
            <subfield code="a">Sterenberg, Matthew</subfield>
            <subfield code="d">1975-</subfield>
            <subfield code="e">author.</subfield>
            <subfield code="4">aut</subfield>
            <subfield code="1">http://viaf.org/viaf/305277516</subfield>
        </datafield>
        <datafield tag="240" ind1="1" ind2="0">
            <subfield code="a">Mythic thinking in twentieth-century Britain</subfield>
            <subfield code="1">http://viaf.org/viaf/305277516/mythicthinking</subfield>
        </datafield>
        <datafield tag="245" ind1="1" ind2="0">
            <subfield code="a">Mythic thinking in twentieth-century Britain :</subfield>
            <subfield code="b">meaning for modernity /</subfield>
            <subfield code="c">Matthew Sterenberg, Assistant Professor,Waseda University, Japan.</subfield>
        </datafield>
        <datafield tag="264" ind1=" " ind2="1">
            <subfield code="a">Houndmills, Basingstoke, Hampshire ;</subfield>
            <subfield code="a">New York, NY :</subfield>
            <subfield code="b">Palgrave Macmillan,</subfield>
            <subfield code="c">2013.</subfield>
        </datafield>
        <datafield tag="300" ind1=" " ind2=" ">
            <subfield code="a">vii, 260 pages ;</subfield>
            <subfield code="c">23 cm</subfield>
        </datafield>
        <datafield tag="336" ind1=" " ind2=" ">
            <subfield code="a">text</subfield>
            <subfield code="2">rdacontent</subfield>
            <subfield code="0">http://rdaregistry.info/termList/RDAContentType/1020</subfield>
        </datafield>
        <datafield tag="337" ind1=" " ind2=" ">
            <subfield code="a">unmediated</subfield>
            <subfield code="2">rdamedia</subfield>
            <subfield code="0">http://rdaregistry.info/termList/RDAMediaType/1007</subfield>
        </datafield>
        <datafield tag="338" ind1=" " ind2=" ">
            <subfield code="a">volume</subfield>
            <subfield code="2">rdacarrier</subfield>
            <subfield code="0">http://rdaregistry.info/termList/RDACarrierType/1049</subfield>
        </datafield>
        <datafield tag="500" ind1=" " ind2=" ">
            <subfield code="a">"Reprint of the original edition 2013."--Copyright page.</subfield>
        </datafield>
        <datafield tag="504" ind1=" " ind2=" ">
            <subfield code="a">Includes bibliographical references (pages 240-253) and index.</subfield>
        </datafield>
        <datafield tag="505" ind1="0" ind2=" ">
            <subfield code="a">Myth and the modern problem -- Golden boughs, fairy books, and holy grails: the making of a myth-saturated culture -- "The grail is stirring": modernist mysticism, the matter of Britain, and the quest for spiritual renewal -- "The mythical mode of imagination": J.R.R. Tolkien, C.S. Lewis, and the epistemology of myth -- Coping with the catastrophe: J.G. Ballard, the new wave, and mythic science fiction -- Myth and the quest for psychological wholeness: C.G. Jung as spiritual sage -- Minding the myth-kitty: myth, cultural authority, and the evolution of English studies -- Making a modern faith: myth in twentieth-century British theology.</subfield>
        </datafield>
    </record>